3153 5134
1647 377 1775 440 130

636 570 809 642 longa,
846 572 875 622 1
912 578 1046 626 cent.
1080 573 1114 625 7
1144 588 1272 626 mm.
1298 590 1446 646 supra
1479 571 1707 626 medium
1738 571 1872 640 lata,
1910 590 2022 625 raro
2049 571 2221 644 paullo
2252 572 2475 645 longiora
2503 582 2554 628 et
2579 573 2785 642 latiora,

637 658 760 714 hacc
795 662 830 713 2
872 653 1004 715 cen't.
1051 659 1198 734 longa
1229 661 1470 736 lataque3
1507 661 1756 735 quaedam
1796 661 2020 728 minora,
2055 661 2225 714 omnia
2255 661 2311 714 in
2342 663 2469 716 sicco
2498 661 2791 716 tenuissime

642 746 1052 815 membranacea,
1089 748 1366 803 laevissima
1380 787 1398 815 ‚
1430 751 1821 822 transparentia,
1858 747 2117 823 glandulis
2156 748 2341 803 multis
2377 749 2528 804 fuscis
2565 750 2788 806 obscuris

637 836 771 907 (luci
806 836 1032 907 obversa)
1076 837 1407 910 punctulata,
1452 856 1604 894 nervo
1638 838 1786 893 'tenui
1818 856 1920 892 non
1954 838 2275 911 prominente
2321 836 2385 891 ad
2424 837 2619 910 apicem
2673 856 2784 911 per·

638 925 873 998 tingente
895 925 1137 1000 utrinque
1165 935 1270 980 tres
1299 925 1494 980 circiter
1522 925 1737 980 costulas
1759 943 1957 979 venosas
1988 924 2306 979 tenuissimas
2330 925 2383 979 in
2407 925 2573 979 media
2594 924 2788 979 lamina

640 1013 875 1068 evanidas
905 1014 1202 1082 emittente,
1237 1032 1458 1088 quarum
1493 1013 1676 1068 infima
1706 1010 1807 1067 fere
1834 1031 1863 1066 e
1891 1011 2023 1079 basi,
2059 1012 2195 1066 unde
2216 1012 2582 1076 subu-inervia3
2615 1028 2790 1084 margo

633 1110 935 1156 extenuatus
976 1099 1429 1173 pellucidissimus,
1473 1110 1593 1154 ante
1636 1117 1788 1173 quem
1821 1097 2061 1152 nervulus
2103 1096 2206 1152 fere
2248 1098 2300 1152 in
2337 1107 2443 1152 toto
2475 1097 2678 1152 ambitu
2710 1095 2784 1150 la·
2836 1146 2841 1151 .

637 1189 808 1243 minae
836 1184 1210 1262 conspiciendus
1237 1187 1504 1260 percurrit.
1579 1191 1640 1241 ln
1669 1188 1806 1260 apice
1834 1185 2149 1241 obtusissimo
2163 1186 2445 1261 aliquando
2472 1203 2660 1260 paucae
2685 1183 2785 1238 exi-

638 1294 767 1350 guae
788 1274 947 1330 ciliae.
1019 1271 1162 1329 Color
1190 1273 1249 1328 in
1270 1274 1398 1328 sicco
1422 1273 1565 1330 fusce
1585 1272 1776 1328 viridis.
1849 1279 2110 1349 Amenta
2143 1272 2370 1327 axillaria
2395 1283 2447 1326 et
2469 1270 2808 1337 terminalia,¹

554 1366 557 1369 ’
636 1362 942 1436 plerumque
974 1359 1226 1432 opposita,
1255 1358 1632 1433 pedunculis
1679 1364 1859 1431 1—1÷
1893 1368 2023 1414 cent.
2053 1358 2219 1432 longis
2250 1358 2474 1414 laevibus
2514 1357 2782 1426 teretibus,

634 1447 777 1503 siccis
812 1446 1474 1520 membranaceo-pellucidis
1504 1456 1753 1514 sustenta,
1790 1456 1976 1513 eiecta,
2013 1456 2171 1514 recta,
2204 1447 2521 1514 succulenta,
2557 1446 2783 1520 pedun-

637 1534 780 1589 eulo
809 1532 985 1607 paullo
1014 1533 1272 1600 crassiora,
1301 1537 1445 1588 2--5
1474 1543 1608 1589 cent.
1638 1534 1802 1607 longa.
1876 1539 2163 1590 Bracteae
2192 1536 2341 1590 initio
2362 1534 2784 1601 confertissimae,

631 1621 734 1676 fere
759 1621 1083 1689 imbricatae,
1113 1620 1230 1675 dein
1259 1628 1528 1695 parumper
1556 1624 1870 1690 remotiores,
1899 1623 2144 1697 peltatae,
2169 1623 2304 1696 pelta
2328 1611 2596 1678 orbiculari
2617 1622 2785 1676 medio

629 1708 978 1776 verruculosa,
1010 1709 1066 1762 in
1091 1709 1220 1765 sicco
1241 1710 1411 1784 nigra,
1433 1710 1664 1784 margine
1685 1709 1824 1764 fusce
1845 1709 1985 1764 luteo
2008 1710 2391 1766 membranaceo
2416 1709 2784 1766 subcrenulato.

630 1796 925 1851 ovarium
964 1815 1149 1870 parum
1189 1797 1520 1866 immersum,
1562 1808 1801 1863 ovatum,
1845 1797 2004 1866 laeve,
2048 1800 2348 1872 stigmate
2388 1799 2581 1874 exiguo.
2653 1801 2780 1853 Sta·

634 1883 803 1937 mina
838 1882 966 1952 duo,
1010 1883 1362 1939 filamentis
1396 1904 1582 1959 parum
1624 1884 1852 1951 emersiS,
1886 1885 2163 1941 antheris
2200 1886 2510 1962 subglcbosis
2541 1885 2783 1942 hilocula·

634 1969 778 2026 ribus
806 1967 945 2039 fusce
972 1968 1166 2026 nitidis.
1218 1974 1335 2043 (sec.
1367 1990 1496 2046 spec.
1526 1971 1678 2027 Herb.
1714 1976 1839 2027 Mus.
1871 1971 2052 2043 Paris.)

722 2146 820 2207 96.
903 2151 1357 2219 repen-omia
1398 2148 1971 2222 portulacoffles
2005 2146 2083 2207 A.
2113 2147 2304 2207 Πίσιν.
2335 2147 2501 2227 Speo.
2540 2147 2697 2206 Tom.
2727 2146 2783 2206 Ι.

644 2249 681 2307 1.
703 2269 750 2308 c.
792 2249 1196 2328 PiperLamJ
1236 2250 1310 2308 P.
1348 2251 1648 2328 insolitam
1679 2248 1880 2308 Sieh.!
1933 2250 2107 2309 Herh.
2139 2251 2383 2309 Mam-it.
2419 2250 2517 2311 II.
2548 2270 2607 2308 π.
2632 2248 2749 2310 167
2761 2251 2777 2309 Ξ
2810 2250 2817 2255 ’

642 2349 1004 2410 Succulenta
1023 2396 1040 2426 ,
1109 2349 1317 2427 glabra
1334 2394 1351 2424 ,
1419 2367 1599 2427 parce
1668 2366 1898 2407 ramosa
1916 2392 1936 2423 ,
1988 2368 2205 2426 repens
2255 2348 2561 2427 profunde
2611 2351 2779 2411 radi-

564 2508 570 2514 .
648 2473 790 2513 cans
809 2499 826 2529 ,
885 2451 1125 2513 inferne
1179 2451 1421 2531 aphylla
1437 2493 1457 2525 ,
1516 2450 1677 2510 foliis
1726 2451 2043 2530 oppositis,
2096 2451 2508 2531 superioribus
2561 2453 2747 2514 ternis
2764 2498 2784 2529 ,

645 2557 917 2619 breviter
996 2555 1296 2636 petiolatis
1379 2553 1746 2615 succulentis
1834 2553 2001 2615 fusce
2067 2543 2747 2634 glanduloso-pufictatis
2761 2603 2779 2634 ,

644 2660 1195 2738 oboram-oblongis
1228 2658 1328 2718 vel
1361 2658 1853 2738 subspathulatis,
1891 2656 2152 2719 obsolute
2190 2659 2303 2718 tri·
2328 2678 2465 2719 raro
2497 2659 2783 2741 subquin-

645 2764 1029 2845 que-nerviis
1045 2810 1064 2840 ‚
1124 2762 1378 2822 amentis
1413 2761 1766 2823 axillaribus
1798 2770 1861 2823 et
1893 2746 2313 2823 terminalibus
2347 2763 2625 2824 solitariis
2656 2763 2785 2823 lon·

646 2866 921 2947 giuscule
955 2865 1382 2945 pedunculatis
1396 2909 1416 2942 ‚
1456 2864 1806 2945 pedunculo
1851 2865 2230 2927 brevioribus
2245 2910 2263 2944 ,
2305 2865 2653 2948 cylindricis
2683 2865 2784 2928 ob·

641 2971 789 3032 tusis
827 2968 1176 3031 densifloris.

639 3175 644 3182 ,
713 3109 890 3166 narb.
925 3106 1106 3164 Willd.
1142 3126 1196 3162 n.
1233 3110 1363 3163 73¹7!

735 3241 1030 3302 Habitat
1068 3240 1136 3300 in
1172 3239 1368 3301 insula
1394 3238 1659 3302 Mauras
1689 3238 2037 3321 (tamarem
2080 3240 2149 3299 in
2175 3237 2355 3302 neth.
2384 3236 2625 3315 wind„
2662 3237 2783 3299 sie·
2871 3219 2876 3223 ’

652 3348 791 3408 ber!
829 3352 890 3405 n.
926 3343 1058 3405 164.
1089 3345 1153 3403 in
1181 3343 1247 3404 Η.
1279 3363 1404 3424 reg.
1435 3344 1623 3405 hercl.
1652 3349 1713 3405 et
1736 3341 1936 3405 Meisn.
1971 3350 2034 3404 et
2079 3341 2219 3405 167!
2257 3342 2490 3420 Meisn„
2515 3340 2782 3404 Heraud!

650 3450 718 3512 in
751 3449 927 3509 Herb.
962 3447 1048 3508 De
1081 3444 1260 3529 Less.)

660 3570 663 3576 ¹
720 3582 888 3638 Herba
930 3581 1244 3647 succulenta,
1285 3579 1674 3636 Portulacam
1720 3578 2059 3634 oleraceam
2096 3577 2216 3633 satis
2264 3574 2505 3645 referens,
2549 3575 2677 3632 sicea
2711 3593 2789 3631 co·

645 3671 833 3738 riacea,
868 3678 976 3724 tota
1006 3668 1204 3724 circiter
1228 3671 1300 3723 25
1330 3676 1463 3724 cent.
1495 3667 1643 3742 longa
1658 3704 1675 3734 ‚
1705 3683 1734 3720 e
1764 3664 1909 3720 nodis
1940 3662 2154 3720 caulinis
2184 3661 2411 3719 radicans
2446 3671 2501 3718 et
2539 3670 2699 3717 terrae
2725 3669 2789 3716 ut

645 3760 846 3815 videtur
889 3757 1104 3833 palustri
1146 3757 1363 3824 inserta,
1407 3755 1587 3811 caule
1623 3753 1725 3810 fere
1756 3762 1865 3809 toto
1894 3749 2099 3826 aphyllo
2127 3750 2395 3820 subtereti,
2435 3747 2700 3806 stolones
2728 3756 2783 3803 et

644 3866 841 3904 ramos
883 3866 1031 3923 parce
1074 3845 1379 3903 dichotomos
1422 3842 1544 3899 folia
1581 3860 1640 3898 ae
1678 3850 1884 3896 amenta
1919 3849 2143 3913 gerentes
2190 3847 2472 3906 exserente3
2509 3834 2788 3892 internodia

641 3940 788 3992 2-6
835 3947 969 3993 cent.
1010 3936 1194 4010 longa,
1237 3934 1290 3989 in
1337 3932 1463 3989 sicco
1505 3937 1538 3987 3
1578 3950 1707 3987 mm.
1754 3929 1955 3986 circiter
1993 3947 2187 4002 crassa3
2222 3929 2341 3987 nodi
2372 3943 2552 4002 parum
2577 3922 2786 3981 tumidi.
2874 3966 2878 3970 -

642 4024 817 4081 Folia
845 4025 1095 4100 opposita,
1129 4040 1332 4079 summa
1369 4031 1544 4090 terna,
1590 4018 1882 4088 suberecta,
1928 4018 2249 4086 succulenta,
2298 4016 2354 4070 in
2402 4013 2529 4068 sicco
2572 4012 2790 4068 coriacea

595 4149 598 4153 -
642 4113 726 4168 vel
772 4131 976 4168 summa
1025 4111 1247 4166 tenuiter
1290 4107 1700 4178 membranacea,
1744 4106 1938 4163 sordide
1980 4107 2125 4163 fusca
2139 4143 2155 4173 ,
2196 4099 2553 4179 epunetulata,
2593 4099 2678 4155 sed
2722 4098 2789 4155 ad

642 4199 836 4256 lentem
883 4197 989 4254 luci
1032 4196 1234 4252 obversa
1281 4194 1544 4271 glandulas
1586 4194 1947 4270 punctitbrmes
1993 4193 2156 4250 fuscas
2199 4188 2557 4258 monstrantia,
2602 4205 2803 4263 parum.

643 4286 1033 4361 transparentia,
1079 4283 1254 4359 glabra
1294 4286 1384 4354 (an
1423 4283 1679 4339 nascentia
1713 4282 1777 4339 ad
1807 4282 1951 4339 basin
1980 4290 2033 4338 et
2059 4277 2255 4355 petiolis
2284 4293 2449 4353 sparse
2478 4276 2726 4354 puberula
2735 4277 2786 4348 ?)

579 4389 584 4404 ¹
642 4373 827 4443 laevia,
861 4371 1116 4446 petiolis
1152 4371 1316 4429 antice
1356 4370 1601 4447 profunde
1634 4370 1989 4429 canaliculatis
2031 4371 2176 4425 3-6
2208 4385 2337 4429 mm.
2366 4366 2529 4443 longis
2559 4374 2790 4426 sustenta·
