3153 5134
1589 373 1720 436 548

575 610 582 617 .
673 586 757 644 Ad
770 592 885 641 not,
963 580 1154 637 Habitu
1200 577 1295 632 etsi
1341 573 1549 629 mnnino
1585 568 1822 627 ottoniae
1857 567 2068 640 speciem
2111 565 2323 635 referat,
2368 565 2751 622 characteribus

597 690 772 733 tamen
810 674 969 747 hujus
1010 669 1204 743 generis
1245 662 1384 720 haud
1423 659 1634 717 omnino
1671 655 2041 712 accommodari
2079 665 2273 728 potest,
2317 655 2384 710 ob
2419 654 2742 710 bractearum

593 768 817 822 formam
852 771 905 816 ct
940 749 1247 831 stigmatum
1283 767 1575 807 numerum.
1652 744 1926 819 Aptissimc
1953 752 2129 798 tamen
2159 741 2265 797 huc
2293 742 2561 816 provisorie
2585 743 2746 798 collo-

603 854 764 910 canda
802 849 1077 908 videbatur.

695 1156 813 1215 XX.
915 1148 1368 1211 zIPPELIA
1423 1161 1606 1201 stunc
1661 1140 1732 1196 in
1777 1138 1978 1197 Roem.
2033 1147 2088 1196 ct
2143 1136 2368 1196 Schult.
2425 1137 2584 1216 Syst.
2645 1136 2706 1195 V
2699 1157 2754 1194 e-

609 1272 727 1344 get.
773 1259 931 1317 Tom.
975 1249 1113 1312 VII
1138 1269 1201 1328 p.
1243 1244 1398 1306 1614
1434 1255 1489 1303 et
1528 1242 1702 1302 1651.
1783 1241 2015 1299 Benna!
2047 1241 2116 1297 in
2152 1239 2356 1319 Horff.
2392 1239 2488 1298 Pl.
2524 1239 2748 1298 Javan.

591 1385 727 1452 jar.
773 1362 931 1420 Tom.
965 1356 1011 1414 Ι
1028 1376 1093 1435 p.
1138 1353 1236 1415 76.
1316 1348 1564 1408 Flores
1598 1341 2082 1421 hermaphroditi
2112 1341 2248 1401 laxe
2284 1341 2618 1401 amentacci
2648 1360 2752 1420 pe,-

613 1462 904 1528 dicellati.
985 1461 1296 1519 Bractea
1328 1450 1816 1522 membranacea,
1849 1445 2194 1504 brevissime
2224 1444 2613 1524 pedicellata,
2647 1463 2750 1503 cu-

601 1569 1148 1639 cullato-concava.
1216 1553 1534 1617 Stamina
1563 1549 1604 1611 6
1638 1549 1842 1610 ovario
1869 1548 2320 1626 circumposita,
2352 1546 2756 1608 filamentis

615 1671 902 1735 brevibus
951 1664 1154 1725 crassis
1204 1659 1331 1719 basi
1380 1677 1520 1717 cum
1566 1653 1772 1713 ovario
1811 1653 2108 1726 connatis,
2161 1652 2507 1712 antheris
2547 1658 2754 1711 ovato-

617 1770 892 1850 oblongis
939 1762 1399 1834 bilocularibu8‚
1444 1775 1586 1817 cum
1632 1753 1942 1812 filamento
1989 1753 2321 1812 articulatis
2356 1761 2419 1812 et
2453 1749 2755 1822 deciduis,

620 1876 834 1948 loculis
878 1871 1035 1930 rima
1076 1860 1508 1944 longitudinali
1555 1858 1812 1917 introrsa
1863 1855 2329 1916 dehiscentibus,
2410 1854 2759 1914 Ovarium

622 1976 1080 2056 subglobosum‚
1139 1962 1614 2044 stigmatibus
1663 1959 1739 2034 4,
1787 1959 1969 2019 initio
2019 1957 2283 2033 coalitis,
2335 1955 2586 2017 demum
2628 1956 2758 2018 fere

622 2101 816 2161 usque
868 2076 945 2136 ad
994 2072 1159 2132 basin
1208 2065 1523 2147 separatis,
1564 2063 1770 2122 crassis
1801 2061 1972 2139 apice
2005 2059 2267 2136 reflexis,
2305 2059 2759 2138 persistentibus

620 2188 991 2246 coronatum.
1073 2175 1301 2237 Bacca
1337 2167 1730 2248 pedicellata‚
1765 2166 1952 2239 sicca,
1990 2163 2194 2222 silam
2209 2163 2396 2221 entis
2429 2161 2766 2223 incrassatis

623 2288 821 2349 cincta
870 2289 929 2342 et
970 2280 1213 2343 bractea
1261 2268 1918 2352 persistentesuffulta,
1958 2264 2184 2325 aculeis
2217 2263 2599 2341 glochidiatis
2635 2265 2761 2324 his-

625 2389 787 2471 pida.
868 2385 1121 2444 Semen
1166 2375 1482 2436 basifixum
1539 2379 1812 2432 erectum
1861 2367 2319 2446 subglobcsum,
2371 2371 2516 2425 testa
2567 2384 2764 2426 mem-

623 2497 958 2564 branacea,
1009 2480 1391 2547 albumine
1440 2476 1700 2535 farinoso
1753 2471 2000 2533 radiato,
2079 2468 2384 2548 Embryo
2432 2487 2653 2548 parvus
2696 2468 2764 2528 in

625 2599 797 2678 apice
843 2588 1194 2663 albuminis‚
1238 2583 1478 2645 sacculo
1519 2580 1767 2659 proprio
1816 2577 1956 2658 (ope
1989 2573 2077 2633 fili
2114 2573 2401 2635 albumen
2433 2580 2762 2652 penetran-

630 2703 705 2761 tis
747 2700 812 2757 in
853 2694 979 2756 basi
1023 2690 1265 2754 seminis
1299 2683 1707 2762 endopleurae
1754 2673 2143 2758 adhaerente)
2191 2675 2474 2737 inclusus.
2501 2708 2584 2721 —
2619 2676 2766 2758 Sus·

608 2808 825 2887 frutex·
861 2802 1162 2881 jamnus,
1213 2790 1383 2851 caule
1438 2786 1810 2847 subterraneo
1864 2783 2220 2861 liguescente
2264 2790 2527 2859 repente,
2587 2779 2770 2838 ramis

626 2907 834 2969 erectis
863 2899 1159 2961 herbae-eis
1184 2889 1669 2970 subsimplicihus
1698 2885 1957 2958 nodosis,
1992 2883 2166 2953 foliis
2195 2881 2441 2941 alternis
2459 2883 2769 2962 petiolatis

631 3006 1039 3093 digitincrviis
1071 2995 1553 3068 membranaceis,
1583 2990 1812 3072 glabris
1825 3031 1843 3062 ‚
1880 2986 2133 3045 amentis
2164 2985 2333 3065 longe
2357 2985 2772 3065 pedunculatig

629 3108 1052 3197 oppositisoliis
1099 3096 1615 3176 subremotifloris,
1662 3091 1860 3151 baccis
1901 3088 2207 3169 insipidis.

702 3214 972 3275 Partium
1012 3206 1219 3267 indole
1273 3208 1336 3264 et
1380 3198 1600 3259 habitu
1640 3195 1760 3255 hoc
1795 3211 1987 3272 genus
2019 3190 2208 3269 magis
2238 3209 2274 3251 a
2310 3190 2564 3271 reliquis
2596 3190 2766 3271 Pipe-

628 3320 777 3382 rinis
824 3314 1026 3376 differt
1056 3327 1240 3389 quam
1281 3301 1539 3364 Ottunia.

708 3520 760 3579 1.
850 3511 1200 3591 zippeua
1253 3500 1820 3579 begomaefoua
1873 3495 2091 3557 Bluma
2146 3496 2188 3556 1.
2246 3515 2296 3554 c.
2358 3493 2432 3553 Z.
2487 3493 2766 3575 lappacea

626 3624 821 3686 Benn.
863 3619 900 3676 l.
944 3636 992 3673 c.

700 3769 862 3819 leon.
902 3751 1040 3810 Horf.
1079 3750 1151 3805 Pl.
1188 3753 1299 3804 JaV.
1336 3765 1438 3802 rar.
1473 3744 1510 3799 l.
1549 3761 1594 3797 c.
1632 3739 1757 3796 Tab.
1793 3742 1929 3797 xvl.

705 3891 999 3956 Habitat
1039 3884 1107 3942 in
1147 3879 1347 3939 insula
1387 3876 1566 3951 Java‚
1608 3869 1914 3951 indigenis
1945 3867 2130 3947 Pateg
2162 3865 2378 3928 Koboh
2412 3873 2473 3927 et
2505 3866 2762 3945 Serung.

625 3999 816 4066 diuch
850 3994 1009 4053 dicta
1043 3981 1358 4067 (Horsfield
1393 3987 1455 4038 et
1488 3973 1746 4054 Blume).

694 4139 929 4201 Plantam
967 4134 1103 4188 hanc
1140 4129 1276 4181 inter
1313 4125 1598 4198 Piperaccas
1631 4116 1911 4174 admodum
1944 4111 2358 4181 memorabilem,
2395 4131 2425 4168 e
2454 4112 2653 4187 proprj„
2680 4111 2770 4169 ob,

622 4223 901 4295 servatione
937 4242 1021 4279 me
1057 4216 1333 4273 describere
1365 4233 1467 4269 non
1498 4209 1749 4285 potuisse,
1786 4205 1881 4262 vix'
1901 4203 2174 4259 dolendum
2191 4242 2209 4271 ‚
2244 4219 2372 4256 cum
2402 4200 2640 4256 scientiae
2666 4199 2775 4256 ⁸uf.

624 4326 793 4392 ficiat,
826 4338 883 4374 ea
906 4321 1151 4389 repetere2
1180 4323 1310 4382 quae
1331 4299 1737 4360 occulatissimus
1760 4307 1973 4352 nsum
1998 4290 2062 4348 de
2085 4288 2447 4367 speciminibus
2469 4303 2775 4348 noarmun

628 4413 815 4485 scripto
850 4398 1128 4461 mandavit.
