3153 5134
1396 407 1521 471 129

375 613 644 682 punctata,
674 603 1011 678 speciminum
1045 602 1347 659 minorum
1378 614 1432 657 et
1455 600 1844 677 juvenilium
1885 600 2157 658 rotundatu
2190 604 2522 677 quinqucner·

375 694 482 761 via,
512 695 643 749 sicca
671 694 913 759 cariscos,
949 692 1265 766 marginibus
1293 693 1552 762 revoluta,
1580 697 1761 759 2—2}
1792 704 1921 749 cent.
1953 693 2101 767 longa
2130 703 2181 747 ct
2210 693 2338 761 lata,
2372 713 2523 767 supra
2636 702 2641 708 '

368 780 578 853 glabra,
623 779 805 836 subtus
845 778 1039 835 sordide
1082 780 1216 834 flava
1255 778 1456 836 fuscave
1485 781 1657 848 hirta,
1702 780 1948 853 petiolis
1986 784 2130 835 1—-2
2175 790 2308 835 cent.
2355 780 2521 853 longis

370 868 683 943 tumulisque
710 868 860 923 dense
895 868 1139 942 longeque
1168 867 1331 924 hirtis.
1402 868 1749 941 Speeiminum
1794 867 2181 923 adultiorum
2222 867 2346 923 folia
2377 886 2518 922 com-

370 955 514 1028 pagis
541 955 713 1028 paullo
751 955 1018 1021 tenuioris,
1054 955 1351 1021 rotundata,
1394 960 1574 1024 3}-4
1617 965 1750 1009 cent.
1783 954 1930 1027 longa
1959 956 2191 1030 lataque,
2226 953 2326 1009 alia
2360 957 2517 1011 etiam

367 1040 555 1097 latiora
581 1061 738 1116 quam
762 1042 930 1115 longa,
972 1040 1050 1097 vel
1079 1041 1314 1114 oblongo·
1338 1051 1429 1097 aut
1459 1041 1992 1109 obovato0rotundata,
2030 1041 2135 1096 basi
2174 1041 2518 1109 acutiuscula,

370 1131 452 1185 vel
498 1131 792 1198 rotundata,
837 1131 974 1204 apice
1018 1130 1418 1186 lato-rotundato
1466 1149 1579 1184 raro
1617 1128 1790 1203 paullo
1833 1140 2113 1202 protracto,
2156 1135 2336 1196 3}—4
2382 1140 2514 1186 cent.

372 1218 524 1292 longa
552 1222 771 1290 23—3}
812 1218 950 1285 lata,
986 1219 1235 1293 quinque·
1277 1216 1353 1271 vel
1391 1217 1756 1290 septemnervia
1792 1216 1870 1271 vel
1906 1217 2318 1292 septuplinervia,
2354 1217 2522 1272 nervis

371 1304 636 1373 tenuibus,
671 1305 839 1361 medio
871 1306 936 1359 ad
973 1304 1167 1379 apicem
1198 1302 1526 1378 sequentibus
1554 1302 1654 1357 fere
1690 1303 1754 1357 ad
1781 1322 1903 1358 eum
1937 1303 2364 1378 pertingentibus,
2399 1303 2515 1358 reli-

372 1395 487 1468 quis
515 1393 823 1449 brevioribus
853 1412 914 1448 ac
950 1392 1285 1453 tenuioribus,
1326 1392 1564 1447 omnibus
1594 1391 1882 1460 ramulosis,
1916 1392 2079 1447 medio
2116 1391 2360 1446 costulato
2398 1391 2517 1462 (ali-

369 1481 573 1556 quando
594 1479 844 1549 fortiter),
869 1478 1000 1534 infra
1021 1478 1430 1552 subprominuIO,
1450 1498 1508 1533 su
1511 1499 1601 1552 pra
1625 1478 1966 1552 glabriuscula
1985 1480 2039 1532 in
2062 1478 2191 1533 sicco
2215 1478 2519 1550 nigricantia

371 1578 424 1622 et
457 1587 622 1642 sparse
657 1567 974 1642 glauciam,
1013 1566 1192 1622 subtus
1236 1566 1796 1632 olivaeeo-flavicantia‚
1832 1566 2128 1638 petiolisque
2166 1568 2345 1632 1ξ-2
2385 1574 2519 1619 cent.

369 1655 535 1728 longis
557 1655 784 1710 hirtclla.
856 1660 1042 1709 Amen
1054 1664 1116 1708 ta
1157 1672 1304 1726 super
1346 1653 1568 1708 ramulos
1599 1653 1890 1708 terminales
1926 1652 2238 1707 dichotomos
2269 1651 2517 1717 eonterta,

367 1742 608 1798 soliorum
638 1743 895 1798 floralium
930 1741 1113 1797 abortu
1140 1752 1193 1796 et
1225 1761 1345 1796 casu
1378 1742 1658 1797 dichotome
1690 1734 1919 1816 cym‘osa,
1963 1739 2335 1816 pedunculis
2376 1738 2524 1792 hirtis

369 1834 510 1898 }-1
518 1831 547 1898 ᾗ·
580 1839 714 1885 cent.
744 1828 905 1901 longis
933 1838 1192 1896 sustenta,
1236 1829 1509 1903 cylindrica
1526 1869 1543 1897 ,
1589 1834 1878 1901 2-2;—5
1926 1839 2061 1886 cent.
2108 1830 2258 1900 longa
2274 1867 2291 1895 ,
2336 1825 2521 1882 obtusa

369 1922 442 1988 1}
488 1935 617 1971 mm.
664 1935 853 1983 crassa,
888 1925 1025 1971 recta
1067 1914 1144 1969 vel
1189 1916 1366 1972 leviter
1405 1927 1648 1985 curvata,
1693 1916 2018 1985 succulenta,
2062 1916 2202 1990 apice
2248 1911 2521 1987 aliquando

373 2002 598 2059 hinella.
670 2003 876 2059 Flores
902 2003 1205 2071 densissimi,
1242 2004 1586 2060 subimmersi.
1659 2010 1952 2061 Bracteae
1981 2003 2262 2061 suhsessiles
2290 2018 2522 2055 carnosae

375 2090 430 2145 in
456 2092 583 2146 sicco
610 2088 806 2156 fuscae,
842 2088 1405 2163 oblongo-rotundatas,
1435 2092 1576 2166 apice
1607 2092 2024 2165 patentiusculae.
2096 2090 2376 2145 Stamina
2404 2088 2522 2143 duo.

377 2179 666 2235 Ovarium
699 2186 910 2233 ovatum
945 2176 1081 2251 apice
1109 2187 1368 2233 contracto
1403 2176 1822 2252 stigmatiferum.
1895 2183 2121 2236 Baccae
2151 2189 2318 2244 atrae,
2350 2184 2521 2230 ovato-

373 2266 622 2340 globosae,
655 2266 1013 2332 acuminatae,
1048 2260 1392 2342 subobliquae.
1466 2269 1887 2341 Pericarpium
1920 2278 2089 2323 tenue.
2159 2271 2371 2321 Semen
2401 2262 2523 2319 sub·

373 2353 636 2427 globosum
665 2352 868 2409 fuscum
896 2352 1207 2423 nitidulum,
1244 2364 1373 2410 testa
1404 2354 1586 2411 leviter
1615 2356 1832 2412 areolata
1886 2358 2006 2428 (see.
2044 2374 2116 2429 sp.
2148 2355 2246 2413 Hb.
2276 2358 2348 2409 De
2373 2353 2525 2422 Loes.)

455 2527 554 2591 95.
633 2534 1088 2605 Penei-omia
1137 2536 1594 2607 marginata.
1680 2532 2044 2593 Sucoulenta
2092 2530 2300 2610 glabra
2320 2575 2337 2603 ,
2394 2527 2520 2587 basi

382 2653 632 2712 repens,
671 2635 852 2693 ramis
886 2634 1128 2710 erectis,
1171 2634 1332 2696 soliis
1382 2636 1666 2714 oppositis
1718 2635 1816 2694 vel
1869 2636 2089 2709 ternis,
2142 2632 2380 2692 modice
2416 2648 2518 2708 pe-

381 2736 603 2795 tiolatis
658 2736 920 2796 obovatis
972 2738 1067 2808 vel
1126 2736 1463 2798 rotundatis
1481 2783 1498 2813 ,
1554 2737 1953 2812 succulentis,
2004 2737 2069 2795 in
2117 2736 2274 2795 sicco
2323 2732 2519 2813 pellu-

381 2838 1010 2901 cido-membranaceis
1029 2889 1047 2919 ,
1096 2840 1442 2901 tenuissime
1487 2840 1824 2900 uninerviis
1864 2836 2514 2914 venuloso·costulatis,

377 2949 439 3002 et
480 2940 722 3002 costulis
752 2941 988 3002 duabus
1020 2942 1150 3003 fere
1183 2962 1219 3001 e
1251 2941 1380 3002 basi
1420 2941 1871 3018 subtrinerviis,
1914 2940 2288 3016 laevissimis,
2344 2919 2517 3020 apice

375 3044 704 3124 aliquando
736 3045 943 3124 paucis
994 3046 1228 3123 exiguis
1280 3046 1422 3123 pilis
1472 3045 1754 3106 ciliolatis
1773 3090 1791 3121 ,
1832 3044 2516 3124 glanduloso-punctatis

286 3229 289 3232 Α
374 3150 475 3209 vel
505 3147 869 3229 epunctatis‚
906 3147 1160 3210 nervulo
1192 3149 1364 3208 tenui
1387 3150 1566 3229 juxta
1592 3150 1929 3228 marginem
1957 3155 2351 3209 extenuatum
2379 3165 2511 3228 per-

372 3253 685 3329 currente,
714 3253 968 3313 amentis
1008 3252 1425 3314 terminalibus
1451 3252 1830 3331 axillaribus,
1862 3251 2223 3334 pedunculis
2259 3250 2512 3332 petiolos

362 3431 365 3434 Ι
379 3355 818 3435 superantibus.

455 3457 748 3518 Habitat
796 3458 863 3517 in
909 3457 1105 3518 insula
1154 3456 1435 3518 Bourbon
1488 3456 1690 3540 (Herb.
1733 3455 1874 3516 Mus.
1912 3454 2108 3516 Paris!
2154 3473 2214 3515 n.
2252 3452 2402 3537 686)
2442 3455 2506 3515 in

374 3560 797 3622 elevatioribns
836 3562 910 3621 St.
952 3560 1100 3622 Paul
1141 3561 1290 3622 ibid.
1330 3561 1528 3643 (Hei-b.
1568 3559 1656 3621 De
1694 3557 1901 3640 Less.!)

442 3700 603 3755 Herba
631 3702 685 3756 in
720 3702 833 3756 vivo
861 3701 1005 3757 valde
1034 3700 1348 3766 succulenta,
1387 3700 1506 3757 hino
1540 3719 1710 3760 omnes
1741 3709 1904 3773 partes
1928 3698 2082 3754 siccae
2113 3707 2508 3770 transparcntes,

366 3784 799 3852 membranaceae,
836 3786 1066 3844 nitentes.
1139 3786 1349 3842 Caulis
1388 3786 1491 3841 basi
1529 3805 1728 3858 repens,
1762 3784 2113 3851 succulentus,
2146 3786 2200 3839 in
2233 3786 2365 3842 sicco
2405 3786 2508 3839 vio-

365 3872 720 3939 laceo-susem,
755 3874 1046 3931 internodiis
1070 3880 1106 3931 4
1133 3885 1265 3931 cent.
1294 3873 1656 3948 propemodum
1686 3872 1876 3947 longis,
1905 3870 2167 3938 teretibuS‚
2206 3873 2346 3927 nodis
2372 3873 2509 3929 haud

352 3955 582 4017 tumidis
632 3961 960 4017 radicellas
1013 3962 1263 4035 simplices
1319 3980 1491 4035 parcas
1541 3960 1911 4015 emittentibus.
1997 3960 2167 4014 Rami
2224 3962 2376 4016 erecti
2431 3961 2506 4015 t'o-

369 4045 512 4114 liati,
546 4052 580 4101 8
609 4058 745 4103 cent.
771 4048 974 4105 circiter
1004 4047 1125 4114 alti,
1159 4048 1380 4121 opposite
1410 4047 1485 4103 vel
1519 4047 1712 4102 alterne
1741 4048 2010 4113 ramulosi‚
2044 4047 2340 4102 internodiis
2364 4053 2509 4104 :3-4

366 4145 501 4191 cent.
543 4135 734 4210 longis,
777 4137 832 4192 in
874 4136 1003 4194 sicco
1046 4135 1238 4192 sordide
1275 4134 1443 4191 fuscis.
1516 4136 1689 4191 Folia
1727 4155 1838 4190 raro
1869 4146 2042 4201 terna,
2080 4134 2381 4210 plerumque
2419 4155 2509 4209 op-

369 4223 557 4296 posita,
593 4223 843 4297 petiolis
882 4228 1028 4281 6—8
1066 4241 1194 4278 mm.
1231 4223 1415 4295 longis,
1451 4223 2122 4289 semitemti·eanaliculatis,
2157 4222 2370 4295 glabris,
2406 4224 2507 4278 lae·

366 4311 512 4369 vibus
528 4352 546 4381 ,
598 4313 657 4368 in
701 4313 830 4371 sicco
871 4310 1393 4387 subtransparentibus
1408 4349 1424 4379 ,
1473 4311 1947 4386 erecto-patentibus
1991 4320 2218 4366 sustenta
2233 4349 2250 4380 ‚
2302 4311 2511 4370 obovata

340 4397 471 4455 basi
512 4410 691 4470 acuta,
740 4401 820 4458 vel
850 4400 1365 4475 rotundato-oblonga
1411 4399 1489 4454 vel
1537 4399 1745 4457 omnino
1793 4400 2091 4467 rotundato,
2127 4398 2217 4454 illa
2262 4405 2336 4474 2³1„
2375 4413 2509 4460 cent.

2080 4498 2105 4533 ο
