3153 5134
1607 353 1738 416 550

1291 644 1294 647 Α
1401 590 1404 591 f
1454 554 1822 615 APPENDIX
1865 555 1912 613 1.

1013 711 1367 787 Piperaeeae
1402 709 1651 764 nomine
1685 706 1846 763 mihi
1881 715 2129 763 tantum
2169 717 2365 764 notae.

688 863 742 915 1.
815 856 992 932 Piper
1026 855 1504 929 emarginellum
1536 857 1742 909 Swartz.
1778 857 1938 908 Crese.
1973 853 2028 907 in
2065 853 2441 928 Gouadaloupe.

821 976 998 1050 Piper
1030 985 1423 1048 transparens
1456 971 1621 1027 Fisch.
1655 970 1860 1026 Schult.
1894 974 2051 1026 Mant.
2086 989 2289 1027 nomen.

822 1093 999 1166 Piper
1034 1089 1535 1165 leptostaehyum
1570 1093 1740 1145 Ware.
1807 1088 1994 1144 Crescit
2029 1089 2084 1143 in
2119 1089 2320 1145 Florida
2353 1091 2605 1148 orientali.

824 1207 1000 1281 Piper
1033 1208 1223 1261 Novae
1258 1203 1589 1279 Hispaniae
1623 1202 1777 1258 Colla.

824 1304 999 1400 Piper
1033 1322 1273 1380 humile
1308 1320 1530 1379 Miller.
1565 1342 1629 1373 ==
1660 1326 1717 1378 P.
1749 1321 1932 1377 Milleri
1966 1327 2028 1378 R.
2064 1327 2117 1379 S.

826 1442 1002 1516 Piper
1035 1439 1435 1497 Parthenium
1469 1444 1617 1495 Mart.
1652 1439 1727 1496 Pl.
1756 1440 1893 1497 med.
1922 1451 1977 1497 et
2007 1452 2110 1497 oec.
2138 1443 2319 1499 Brasil.
2350 1443 2487 1502 ined.
2519 1446 2642 1503 Tab.
2672 1452 2769 1506 56.

829 1549 891 1586 ex
924 1529 1152 1604 ejusdem
1191 1531 1324 1603 Syst.
1359 1532 1534 1586 Mater.
1568 1528 1704 1583 med.
1739 1533 1876 1586 Bran.
1911 1548 1964 1602 p.
2001 1535 2128 1587 100.

911 1623 1006 1673 »In
1041 1617 1301 1673 Provincia
1338 1616 1728 1690 Megapotamica
1763 1617 1924 1692 hujus
1957 1619 2103 1675 radix
2140 1620 2348 1675 nomine
2382 1621 2680 1697 Par-ipamha
2713 1623 2772 1682 in

831 1705 1185 1774 amenorhoea,
1221 1704 1570 1774 leucorrhoea‚
1601 1706 1762 1762 nimio
1790 1706 2081 1763 lochiarum
2111 1708 2263 1764 fluxu
2297 1708 2573 1766 usitatur?

703 1830 757 1882 ⁷.
826 1824 1005 1900 Piper
1031 1821 1458 1878 'rhomboidalc
1493 1826 1651 1879 Dum.
1687 1824 1823 1882 Desf.
1860 1829 2003 1882 Hort.
2041 1829 2150 1881 Par.

697 1947 751 1999 8.
821 1942 998 2015 Piper
1031 1958 1295 1995 evanum
1332 1938 1575 1997 Wallich.

699 2064 753 2116 9.
824 2059 1002 2135 Piper
1036 2057 1592 2132 Finlaysonianum
1629 2057 1869 2117 Wallich.

697 2182 788 2234 10.
822 2177 999 2252 Piper
1032 2182 1359 2232 venustum
1396 2173 1639 2231 Wallieh.

697 2299 784 2352 11.
821 2294 1004 2369 Piper
1042 2291 1431 2349 vasculosum'
1467 2292 1696 2349 Wallich
1727 2295 1795 2365 ¹).

696 2418 785 2469 12.
822 2413 999 2487 Piper
1034 2409 1450 2467 crassifolium
1487 2413 1634 2467 Hort.

678 981 756 1583 *sare-90³0

701 2535 788 2590 13.
824 2530 1001 2606 Piper
1035 2529 1287 2585 densum
1324 2530 1471 2583 Hert.

700 2654 788 2706 14.
826 2649 1002 2722 Piper
1037 2646 1448 2704 tenuifolium
1485 2651 1630 2703 Hort.

701 2771 789 2822 15.
827 2766 1005 2839 Piper
1038 2784 1489 2841 purpurascens
1523 2763 1660 2819 Desf.
1694 2768 1755 2819 Η.
1793 2767 1950 2823 Paris.
1984 2767 2063 2823 ed.
2101 2774 2198 2826 111.

705 2888 792 2940 16.
828 2883 1005 2957 Piper
1049 2882 1399 2937 revolutum
1446 2880 1618 2936 Rich.
1662 2881 1908 2962 (analysis
1950 2886 2007 2946 in
2052 2890 2113 2941 H.
2151 2892 2207 2943 Β.
2253 2891 2370 2945 Nov.
2409 2893 2533 2947 Gen.
2572 2894 2612 2946 Ι.
2642 2881 2775 2952 Tali.

830 2976 923 3027 111.
961 2970 1003 3027 f.
1039 2974 1227 3043 1—6.)
1298 2970 1527 3026 Enckeac
1562 2972 1830 3045 cujusdam
1866 2977 1990 3048 Syn.
2027 2976 2243 3035 videtur.

702 3094 789 3147 17.
828 3088 1172 3145 Schilleria
1207 3087 1683 3166 inaequalifolia
1719 3089 1921 3147 Kunth.
1956 3092 2176 3168 confip.
2214 3101 2339 3152 464.
2390 3113 2391 3116 ’

1464 3323 1836 3389 APPENDIX
1873 3327 1954 3389 ΙΙ.

834 3473 1069 3550 Piperis
1103 3478 1329 3550 species
1361 3490 1714 3551 auctorum,
1750 3503 1819 3538 ex
1854 3483 2083 3540 Ordine
2116 3486 2587 3561 Pipcracearum

1495 3570 1922 3629 excludendae.

711 3714 765 3766 1.
838 3710 1019 3784 Piper
1069 3710 1400 3783 pinnatum
1450 3716 1743 3773 Loureiro
1782 3718 1862 3780 Fl.
1905 3720 2175 3782 Cochinch.
2224 3728 2440 3795 Tom.,I
2483 3746 2534 3801 p.
2576 3732 2785 3783 38..-·-

842 3798 983 3870 Quid
1014 3800 1102 3868 sit,
1143 3800 1274 3854 mihi
1302 3803 1533 3857 nondum
1561 3815 1785 3874 constat,
1820 3808 1907 3862 sed
1933 3820 2071 3864 certo
2099 3830 2158 3865 ex
2186 3813 2376 3869 Ordine
2405 3814 2787 3872 eliminandum

842 3904 968 3954 esse,
1003 3886 1183 3960 probat
1214 3890 1433 3943 auctoris
1462 3890 1745 3967 descriptio.
1817 3901 1898 3951 An
1929 3898 2284 3976 Chcnopodea?

710 4008 763 4058 2.
837 4004 1014 4147 lgiper
1044 4015 1446 4077 aggregatum
1478 4012 1647 4083 Berg.
1677 4017 1791 4069 Act.
1822 4016 1992 4090 Upsal.
2020 4027 2096 4072 est
2126 4020 2458 4076 Lacistemma
2491 4022 2787 4098 myricoides

878 4104 1050 4148 wartz.

707 4274 748 4344 1)
782 4279 895 4327 Cum
926 4298 1083 4331 omnes
1111 4284 1323 4351 equidem
1357 4289 1625 4357 Piper-accan
1657 4295 1985 4349 wallichianas
2019 4298 2215 4352 viderim
2233 4339 2248 4366 ‚
2282 4315 2481 4372 quatuor
2517 4306 2596 4358 hic
2628 4309 2782 4359 nomi-

634 4368 765 4410 natas
797 4362 909 4411 libri
940 4367 1031 4416 mei
1061 4373 1325 4438 synonymis
1354 4373 1674 4432 adscribendas
1704 4397 1799 4432 esse
1835 4384 1914 4434 vix
1941 4395 2010 4434 est
2038 4386 2161 4454 quod
2193 4387 2420 4441 dubitem.
