3153 5134
1444 353 1570 414 169

502 551 639 612 156.
687 551 1176 624 repen-onia
1233 551 1668 609 orbiculata
1726 551 1802 610 A.
1851 551 2047 612 Dim.
2098 553 2263 636 ὅρου.
2308 557 2466 617 Tom.
2501 559 2560 619 I.

420 651 611 733 lupar
645 650 1097 739 PoinEnoyol.
1134 649 1300 709 mech.
1350 651 1513 710 Tom.
1549 655 1621 713 V.
1646 672 1715 732 p.
1751 650 1888 714 476.
1919 650 2154 735 JssCaule
2189 655 2429 738 hispido
2466 679 2555 720 ra-

420 750 868 830 dicantestoliis
897 749 1324 828 subsessilibuS,
1352 750 2265 830 subquaternis„’0rbicularil›'us
2292 760 2558 821 minimis
2680 767 2682 770 ‘

418 846 686 927 hirsutis.
810 856 813 859 ’
864 864 871 869 ·
1110 844 1115 847 ’
1232 938 1235 941 .
1731 930 1734 931 ᾗ

462 1020 465 1025 ,
503 938 807 1031 Habitat
842 956 907 1016 in
944 954 1219 1043 carolina
1255 940 1520 1036 (roim.
1564 956 1645 1037 ο.)
1751 944 1754 951 ’

499 1089 643 1141 Anne
667 1092 801 1137 recte
830 1081 913 1136 hic
941 1081 1184 1137 collocata
1201 1083 1226 1135 2

506 1244 642 1306 157.
724 1248 1176 1319 repen-omia
1234 1248 1533 1305 reflexa?
1573 1245 1651 1304 A.
1724 1245 1915 1305 Πίσιν.
1974 1247 2083 1328 Sp.
2137 1251 2228 1328 pl.
2296 1250 2448 1311 Tam.
2505 1253 2560 1312 Ι.

426 1347 615 1429 Piper
661 1351 946 1428 reflexo-um
999 1348 1181 1409 Lim.
1221 1347 1320 1423 fil.
1372 1346 1586 1426 Suppl.
1623 1368 1688 1427 p.
1725 1346 1825 1409 91.
1910 1349 2144 1435 Dreqe!
2180 1352 2267 1431 pl.
2306 1373 2435 1434 cap.
2463 1375 2566 1413 ccv·

425 1452 568 1510 sice.
654 1450 846 1529 Piper
891 1448 1299 1527 tetraphyllum
1364 1449 1590 1509 Thunh.
1690 1448 1879 1530 Piper
1919 1462 2340 1530 'quaternatum
2390 1456 2566 1517 Herb.

433 1553 525 1611 De
562 1554 768 1612 Less.!
827 1553 904 1611 P.
939 1550 1462 1629 brachystachyum
1496 1552 1672 1613 Horh.
1719 1552 1925 1612 Willd.
1961 1575 2018 1611 n.
2055 1553 2168 1615 731
2193 1560 2206 1614 Ξ
2229 1556 2300 1634 ¹).
2372 1559 2567 1638 Pepe-

426 1657 615 1714 romia
666 1648 1035 1733 quadrifolia
1085 1653 1200 1712 Hb.
1253 1655 1405 1713 Mus.
1449 1654 1592 1713 Par.
1609 1655 1633 1711 Ι
1732 1654 2388 1718 succulento-coriacea
2440 1659 2570 1719 basi

424 1757 703 1817 radicans
733 1756 1131 1831 adscendens,
1164 1765 1392 1832 erecta,
1429 1755 1516 1815 di·
1551 1756 1651 1816 vel
1683 1756 2042 1825 trichotome
2076 1777 2338 1837 ramosa,
2366 1780 2567 1840 sparse

428 1860 729 1939 puberula
783 1860 881 1919 vel
928 1858 1342 1936 subglabrata·‚
1400 1858 1560 1918 foliis
1608 1859 1796 1918 ternis
1845 1861 2229 1939 quaternisve
2276 1865 2437 1942 (raro
2491 1864 2570 1924 ad

423 1961 821 2022 dichotomias
865 1961 1047 2040 senis)
1106 1960 1402 2038 petiolatis
1418 2005 1436 2035 ,
1489 1962 1858 2021 succulentis
1893 1963 2533 2044 pellucido-punctatis
2547 2014 2566 2045 ‚

424 2062 1030 2145 rhombeo-ellipticis
1100 2063 1325 2123 obtusis
1390 2063 1487 2122 vel
1559 2064 1896 2124 rotundatis
1946 2085 2081 2126 raro
2132 2069 2384 2145 retusis,
2422 2070 2568 2130 'basi

427 2167 811 2246 acutiusculis
859 2167 922 2224 in
975 2166 1272 2244 petiolum
1322 2165 1570 2225 brevem
1622 2167 2008 2227 subtilissime
2051 2170 2422 2248 puberulum
2466 2172 2567 2233 de·

428 2264 596 2329 mut'u
633 2269 977 2348 glabratum
1014 2262 1362 2346 contractis,
1405 2270 1670 2330 obsolete
1704 2262 2036 2347 trinerviis,
2079 2274 2329 2351 glabris,
2359 2277 2569 2338 subtus

425 2372 592 2435 fusce
629 2372 1269 2452 impresso-punctatis,
1314 2372 1680 2450 petiolorum
1716 2373 1956 2433 basibus
1991 2375 2055 2432 in
2092 2378 2391 2441 annulum
2426 2397 2566 2440 con·

428 2478 582 2536 natis
599 2521 617 2552 ,
659 2475 1355 2554 pedunculo··terminali
1394 2475 1578 2553 longo
1614 2476 1876 2536 obsoleto
1910 2476 2216 2554 puberulo
2244 2481 2341 2539 vel
2359 2481 2570 2558 glabro

427 2590 734 2642 amentum
786 2582 1031 2642 circiter
1088 2589 1420 2665 aequante,
1465 2582 1722 2640 amentis
1754 2580 2104 2659 cylindricis
2144 2584 2448 2664 profunde
2481 2586 2568 2646 fo·

432 2684 678 2745 veolatis
709 2685 900 2745 hirtis.
2283 2683 2288 2690 ’

500 2810 690 2883 Species
737 2808 839 2864 late
885 2829 972 2883 per
1017 2808 1188 2862 orbem
1238 2789 1488 2861 terrarum
1543 2806 1760 2880 dispersa
1777 2845 1794 2874 ‚
1842 2825 1955 2861 vere
1993 2808 2286 2882 ampbigaea
2302 2848 2318 2877 ,
2365 2831 2457 2884 pro
2489 2832 2574 2869 va.

429 2896 506 2952 ria
545 2896 667 2950 cccli
720 2896 963 2970 temperie
1007 2905 1059 2948 ct
1108 2894 1208 2949 loci
1258 2893 1439 2947 natalis
1476 2893 1645 2948 indole
1682 2894 1864 2949 leviter
1889 2894 2070 2948 saltem
2099 2896 2315 2963 varians,
2355 2898 2473 2953 adeo
2517 2911 2578 2955 ut

426 2983 569 3038 nullo
610 2983 890 3038 sufficiente
920 2982 998 3036 vel
1029 2992 1288 3037 constante
1319 2981 1606 3035 charactere
1636 2980 1801 3035 variae
1829 2980 1922 3035 hae
1951 2979 2139 3037 formae
2168 2995 2360 3056 queant
2392 2986 2575 3040 distin·

427 3070 517 3146 gui
554 3082 607 3125 et
645 3091 818 3127 omnes
854 3071 988 3126 inter
1032 3090 1082 3124 se
1132 3069 1315 3123 sensim
1348 3077 1609 3124 transcant
1628 3108 1644 3137 ‚
1682 3069 1817 3144 quod
1844 3072 2143 3144 comparatis
2174 3071 2357 3128 harum
2390 3074 2571 3131 adum·

430 3159 740 3215 brationibus
772 3178 910 3235 spero
945 3158 1048 3215 fore
1080 3168 1142 3212 ut
1172 3156 1423 3213 concedas-

426 3307 427 3314 ἵ
510 3329 592 3386 A.
654 3323 867 3382 Forma
908 3322 1194 3401 capensis.
1235 3354 1315 3365 -
1354 3317 1559 3394 Foliis,
1602 3320 1840 3399 petiolis
1873 3319 2359 3402 pedunculisque
2398 3324 2565 3384 adul·

434 3428 508 3485 tis
582 3426 944 3504 plerumque
1012 3424 1268 3503 glabris,
1345 3422 1599 3484 amentis
1665 3422 2086 3501 pedunculum
2147 3426 2249 3483 vix
2295 3446 2566 3506 aequan-

439 3529 615 3589 tibus.

519 3631 819 3689 Habitat
865 3631 931 3689 in
983 3629 1395 3690 Promontorio
1438 3628 1635 3689 Bonae
1672 3629 1808 3707 Spei
1843 3628 2099 3710 (Thunb.
2136 3628 2176 3687 l.
2211 3648 2262 3688 c.
2338 3629 2561 3711 lli-ege!

435 3735 517 3813 pl.
567 3733 804 3813 exsicc.)
825 3780 843 3810 ,
892 3754 1086 3812 prope
1139 3734 1471 3811 Uitenhage
1525 3733 1747 3793 florens
1820 3753 1899 3794 m.
1967 3733 2319 3793 Novembris
2373 3734 2567 3815 (Jules

437 3836 768 3897 Verreaux!
821 3838 884 3895 in
937 3838 1112 3897 Herb.
1168 3837 1254 3897 De
1320 3834 1531 3916 Less.)‚
1584 3838 1646 3895 in
1700 3836 2047 3895 nemoribus
2121 3836 2197 3895 ad
2268 3837 2567 3917 Hangklip
2637 3864 2644 3870 ·

438 3939 671 4020 (Mundt
732 3946 791 3996 et
857 3939 1061 3998 Maire!
1118 3940 1182 3996 in
1225 3939 1402 3999 Herb.
1462 3937 1713 4019 berch),
1767 3938 1829 3998 in
1898 3939 2009 3999 inS.
2081 3938 2358 3999 Bourbon
2432 3941 2566 4021 (nb.

444 4043 586 4101 Mus,
619 4041 782 4100 Paris
815 4044 828 4099 Ξ
886 4062 946 4101 n.
976 4039 1148 4120 707),
1190 4042 1254 4099 in
1295 4042 1404 4102 ins.
1443 4042 1700 4102 mauritii
1739 4041 1919 4120 (Aub.
1958 4043 2044 4103 du
2080 4041 2235 4101 Petit
2269 4042 2556 4104 Thouars!

323 4132 327 4136 ’
437 4148 502 4205 in
539 4144 714 4204 nerb.
753 4141 994 4223 wind.)

494 4338 536 4409 1)
571 4341 810 4409 Specimcn
830 4343 1009 4410 paullo
1043 4339 1342 4406 elongatum,
1379 4341 1613 4406 gracilius.
