3153 5134
1626 355 1762 420 114

619 557 1174 633 griseo-viridescentes„
1248 556 1453 612 Flores
1501 553 1729 610 nondum
1775 553 1901 608 bene
1946 552 2196 629 efformati
2225 558 2363 631 ⁷¹(sec.
2402 574 2477 630 sp.
2519 558 2670 613 Herb.
2703 563 2775 614 De

625 648 777 716 Less.)
829 673 839 689 ‹

698 818 802 880 76.
900 824 1356 893 Penei-omia
1412 821 1913 879 Berteroana.
2042 817 2228 899 Piper
2289 820 2764 882 Femandezium

622 922 862 983 Bertero
900 923 1064 981 Ma!
1143 921 1384 996 Erecta,
1430 920 1933 1006 simpliciusculffi
1968 939 2249 996 carnosa,
2280 921 2523 984 inferne
2557 928 2763 1008 aphyl·

632 1027 724 1103 la,
761 1045 997 1087 sursum
1033 1024 1221 1084 dense
1254 1024 1493 1090 foliosa,
1525 1023 1689 1083 foliis
1721 1023 1969 1084 alternis
2004 1024 2305 1086 sessilibus
2337 1029 2601 1088 carnosis
2634 1030 2768 1092 sub·

628 1129 902 1190 tilissime
933 1112 1581 1207 pellucido-punctalis
1614 1126 2247 1205 spathulato·cuneatis
2264 1173 2281 1203 ‚
2315 1128 2445 1188 basi
2480 1131 2545 1190 in
2581 1134 2769 1212 petio·

629 1234 763 1292 lum
817 1231 946 1291 fere
992 1227 1313 1289 contractis
1329 1274 1347 1305 ‚
1404 1228 1574 1307 apice
1607 1227 1729 1287 lato
1765 1229 1972 1306 paullo
2007 1236 2312 1290 contracto
2346 1232 2735 1295 acutiusculis
2751 1282 2771 1313 ‚

632 1355 813 1414 supra
864 1333 1086 1412 glabris
1093 1378 1111 1407 ,
1162 1332 1372 1392 subtus
1425 1351 1623 1411 sparse
1670 1331 1852 1410 longe·
1893 1332 2186 1410 patentim
2222 1333 2395 1393 hirtis
2411 1380 2429 1411 ‚
2468 1336 2775 1398 subtiliter

635 1436 1167 1519 quinquenerviis‚
1198 1435 1451 1496 amentis
1475 1435 1763 1495 brevibus
1788 1455 1969 1515 supra
1993 1437 2257 1497 ramulos
2284 1438 2469 1498 exiles
2498 1441 2775 1503 axillares

630 1544 822 1603 hirtos
854 1516 1140 1601 confertis
1155 1584 1174 1614 ‚
1210 1538 1463 1617 singulis
1497 1558 1570 1598 ex
1606 1537 1789 1598 axilla
1824 1537 1959 1598 folii
1991 1539 2122 1600 fere
2153 1540 2441 1613 normalis
2474 1543 2775 1606 vel‘brac-

633 1644 974 1707 teaeformis
1007 1641 1230 1702 minuti
1265 1640 1449 1701 dense
1478 1640 1662 1716 hirti,
1705 1640 1955 1701 floribus
1988 1642 2289 1703 confertis.

702 1746 890 1808 *nabi
904 1755 926 1805 t
940 1753 1013 1805 at
1047 1745 1123 1806 ad
1155 1763 1338 1822 rupes
1369 1744 1558 1823 inque
1592 1743 1770 1825 sylvis
1803 1745 2098 1806 umbrosis
2125 1747 2427 1807 montium
2440 1747 2769 1812 editiorum

628 1852 741 1912 ins.
794 1851 876 1911 St.
929 1849 964 1908 J
970 1869 1088 1909 uan
1143 1847 1488 1907 Fernandez
1506 1893 1525 1925 ,
1585 1846 1794 1908 Martio
1847 1855 1911 1906 et
1942 1847 2140 1928 Aprili
2179 1848 2336 1909 1830
2369 1847 2668 1931 (Bertero!
2706 1844 2771 1916 nss

634 1951 791 2013 1492
826 1953 893 2012 in
925 1951 1103 2011 Herb.
1141 1949 1226 2010 De
1263 1947 1440 2028 Less.)

697 2076 889 2131 Radix
936 2072 1439 2128 fibroso-tascieulata
1459 2110 1478 2140 ‚
1509 2070 1719 2126 fibrinis
1750 2072 1994 2127 tenuibus
2020 2074 2338 2141 tomentosis‚
2377 2074 2611 2129 caulem
2643 2095 2774 2132 exse·

629 2181 740 2217 rens
780 2166 853 2216 30
898 2169 1030 2216 cent.
1060 2159 1228 2213 altum
1257 2159 1609 2213 succulentum
1640 2168 1847 2213 teretem
1879 2159 2024 2214 haud
2054 2160 2335 2229 nodosum,
2371 2161 2750 2219 internodiism
2697 2164 2709 2176 ’
2750 2192 2771 2208 «-

625 2247 893 2304 ferioribus
935 2251 1080 2301 5—'7
1121 2255 1255 2302 cent.
1302 2245 1495 2319 longis,
1544 2245 1820 2318 glabrum,
1866 2247 2146 2315 striatum‚
2179 2253 2208 2302 1
2244 2258 2379 2305 cent.
2409 2250 2773 2349 propemodum

625 2356 878 2404 erassum,
908 2336 1032 2390 ad¹
1005 2333 1164 2410 ³²‚alu
1194 2333 1502 2409 aphyllum‚
1546 2344 1802 2388 caeterum
1843 2333 1974 2389 foliis
2026 2335 2307 2391 minoribus
2351 2345 2405 2390 et
2446 2337 2649 2411 sparsis,
2685 2339 2772 2394 sed

629 2427 692 2481 ad
740 2426 979 2481 verticem
1005 2377 1304 2496 ³²'majoribus
1344 2421 1607 2496 densisque
1654 2421 1988 2478 instructum.
2068 2422 2243 2477 Folia
2283 2422 2481 2479 alterna
2497 2462 2516 2492 ‚
2555 2424 2743 2482 sensilia
2757 2466 2776 2496 ‚

629 2525 829 2582 erecta,
873 2511 1199 2579 succulenta⁷
1248 2509 1302 2563 in
1351 2511 1478 2564 sicco
1520 2509 1626 2564 fere
1673 2509 2073 2581 membranacea,
2124 2510 2454 2569 subtilissime
2499 2512 2773 2587 pellucido·

630 2602 936 2679 punctulata
951 2641 968 2668 ‚
1013 2599 1321 2675 spathulato·
1329 2609 1543 2654 cuneata
1559 2638 1575 2667 ‚
1622 2597 1742 2653 inde
1788 2598 1856 2653 ab
1901 2600 2042 2674 apice
2089 2618 2254 2655 versus
2299 2598 2445 2655 basin
2474 2601 2776 2675 regulariter

632 2700 886 2748 contracta
903 2730 920 2759 ‚
981 2708 1131 2763 prope
1174 2687 1321 2743 basin
1365 2687 1570 2742 linaeria
1618 2687 1869 2759 petiolum
1914 2686 2016 2742 fere
2059 2688 2306 2764 fingentia
2321 2728 2338 2757 ‚
2386 2708 2538 2764 prope
2582 2691 2775 2765 apicem

629 2779 928 2845 rotundam,
973 2779 1113 2851 apice
1154 2779 1259 2852 ipso
1289 2776 1459 2851 paullo
1483 2785 1740 2830 contracto
1771 2775 2087 2831 acutiusculo
2108 2776 2190 2831 vel
2220 2776 2638 2846 subacuminato‚
2668 2780 2774 2855 ipso

632 2868 867 2923 acumine
904 2864 1271 2926 obtusiusculo..
1323 2864 1512 2939 majora
1543 2866 1759 2927 8-11}
1790 2874 1925 2918 cent.
1957 2864 2108 2937 longa
2123 2904 2140 2931 ‚
2172 2884 2325 2938 prope
2353 2866 2546 2939 apicem
2579 2872 2616 2922 3
2644 2880 2773 2926 cent.

632 2956 740 3010 lata
782 2953 865 3009 vel
915 2953 1089 3027 paullo
1132 2952 1312 3007 latiora
1329 2992 1346 3020 ‚
1391 2971 1543 3026 supra
1590 2951 1721 3006 laete
1763 2952 1945 3006 viridia
1992 2962 2043 3006 et
2087 2952 2265 3025 glabra
2280 2992 2297 3021 ,
2326 2954 2392 3009 ad
2421 2955 2566 3010 basin
2598 2956 2778 3028 palles-

634 3044 803 3098 centia
819 3083 836 3111 ‚
871 3042 1050 3097 subtus
1079 3042 1198 3117 pilis
1225 3041 1405 3117 sparsis
1431 3042 1595 3115 longis
1622 3040 1752 3095 albis
1777 3040 2072 3115 patentibus
2101 3042 2351 3096 instructa
2379 3052 2433 3095 et
2458 3042 2681 3116 pallida,
2713 3046 2779 3100 ad

631 3132 824 3187 lentem
854 3132 1298 3206 nigro-punctam,
1329 3130 1496 3185 nervis
1521 3134 1556 3183 5
1592 3148 1652 3183 ex
1675 3128 1788 3182 'ima
1814 3126 1932 3181 inde
1959 3126 2068 3181 basi
2084 3146 2317 3201 percursa
2334 3128 2635 3199 (minoribus
2656 3133 2775 3206 qui-

534 3251 539 3254 *
632 3219 849 3274 busdam
893 3218 1029 3273 lente
1067 3229 1276 3274 tantum
1306 3216 1557 3273 distinctis
1585 3213 1723 3269 haud
1749 3213 2096 3286 conmutatis),
2125 3232 2346 3287 quorum
2377 3215 2574 3270 medius
2602 3218 2777 3291 paullo

634 3305 818 3361 fortior
845 3306 905 3361 ad
937 3307 1126 3379 apicem
1148 3307 1336 3362 duetus
1350 3347 1366 3374 ‚
1395 3303 1626 3359 laterales
1648 3301 1897 3356 tenuiores
1913 3299 2151 3373 parallele
2170 3319 2295 3355 eum
2314 3304 2543 3377 margine
2565 3303 2775 3362 adsum.-

636 3396 812 3451 dentes
828 3435 846 3463 ,
886 3396 949 3450 ad
979 3395 1130 3469 apicis
1160 3396 1412 3469 marg-ines
1439 3390 1584 3446 finiti
1600 3429 1618 3457 ‚
1649 3406 1821 3444 omncs
1849 3387 2120 3443 tenerrime
2156 3388 2421 3458 ramnloei,
2451 3396 2779 3451 anastomosi-

636 3485 736 3540 bus
754 3484 1002 3558 eleganter
1025 3483 1310 3539 reticulatis
1332 3491 1484 3536 tetra·
1505 3478 1586 3533 vel
1608 3477 1901 3551 pentagonis
1923 3477 2152 3532 minimis
2173 3476 2319 3535 oculo
2339 3490 2536 3536 armato
2562 3491 2774 3541 tantum

635 3572 889 3627 distinctis
932 3572 1212 3646 conjuncti.
1299 3570 1571 3642 Marginem
1607 3564 1719 3620 folii
1758 3574 1930 3621 totum
1960 3564 2204 3621 nervulus
2227 3567 2395 3622 ambit
2414 3606 2432 3637 ‚
2463 3568 2592 3626 citra
2620 3592 2775 3649 quem

633 3679 895 3735 compages
942 3668 1248 3725 extenuata,
1296 3657 1361 3712 ad
1411 3656 1607 3729 apicem
1648 3653 1918 3728 paullisper
1968 3655 2183 3723 reflexa,
2231 3656 2285 3710 in
2328 3657 2458 3714 sicco
2501 3660 2778 3737 aliquando

632 3749 1009 3804 subrubeseens.
1111 3745 1282 3800 Folia
1329 3742 1567 3799 inferiora
1622 3741 1842 3796 summis
1898 3741 2057 3816 duplo
2116 3744 2330 3801 minora.
2377 3745 2381 3749 ’
2415 3746 2496 3801 Ad
2538 3748 2777 3803 verticem

632 3838 793 3894 caulis
836 3856 897 3891 ex
945 3835 1112 3890 axillis
1150 3833 1387 3888 foliorum
1435 3831 1692 3905 majorum
1722 3831 1951 3885 ramuli
1977 3843 2166 3887 exeunt
2191 3833 2473 3890 brevissimi
2501 3835 2584 3890 vel
2614 3842 2651 3892 5
2677 3835 2779 3891 tere

635 3935 768 3982 cent.
813 3924 948 3998 longi
969 3962 986 3991 ‚
1025 3923 1163 3996 apice
1191 3920 1314 3976 solia
1338 3918 1634 3994 spathulata
1660 3918 1880 3973 conferta
1911 3923 2092 3987 2-24
2121 3930 2256 3977 cent.
2285 3922 2435 3995 longa
2463 3922 2779 3979 normalibus

629 4012 815 4068 similia
830 4051 847 4078 ‚
901 4010 980 4065 vel
1016 4020 1068 4063 et
1106 4008 1307 4062 omnino
1335 4006 1742 4062 bracteaet'ormia
1773 4012 1951 4078 1—1}
1978 4017 2133 4077 eent.‚
2164 4008 2609 4082 oblongo-concava
2636 4010 2778 4067 deeo-
2859 4038 2867 4044 -

629 4103 766 4168 lora,
797 4099 986 4173 postice
1016 4096 1307 4171 longissime
1335 4095 1477 4150 hirta
1505 4104 1752 4168 gerentes,
1797 4113 1828 4149 e
1870 4113 2093 4169 quorum
2126 4096 2292 4151 axillis
2317 4106 2563 4151 amenta
2588 4109 2779 4155 exeunt

628 4189 884 4256 solitaria,
932 4186 1056 4241 hinc
1094 4203 1295 4260 cymose
1339 4184 1585 4251 conferta,
1618 4187 1797 4251 3-6,
1829 4183 2205 4257 pedunculis
2229 4182 2600 4257 patenti-hirtis
2633 4190 2771 4259 3-—1

631 4287 768 4332 cent.
798 4275 963 4349 long-is
988 4273 1169 4329 erectis
1195 4283 1450 4340 sustenta,
1472 4282 1667 4341 erecta,
1691 4281 1855 4339 recta,
1890 4271 2204 4328 florescentia
2236 4270 2449 4327 ineunte
2475 4277 2615 4330 1-2
2642 4282 2775 4331 cent.

632 4365 779 4438 longa
795 4402 811 4432 ‚
858 4369 889 4419 1
940 4383 1070 4421 mm.
1110 4361 1311 4418 circiter
1353 4380 1513 4418 crassa
1529 4400 1547 4430 ‚
1582 4380 1753 4418 versus
1791 4360 1984 4434 apicem
2015 4359 2191 4434 paullo
2217 4369 2484 4417 attenuata
2497 4401 2515 4430 ,
2540 4363 2780 4439 adspectu
