3153 5134
1517 330 1648 393 266

501 529 851 594 consimilibus
870 535 1039 590 eodem
1065 531 1213 587 modo
1235 549 1294 585 ac
1320 527 1639 584 inferioribus
1657 522 2279 598 ‘multiplinervi-costatis
2306 524 2425 595 (nec
2459 539 2642 602 aequa-

500 628 642 682 libus
668 623 960 696 5·nerviis),
995 621 1211 676 amentis
1233 617 1433 672 brevius
1456 612 1809 689 pedunculatis
1831 611 2143 685 longioribus
2162 610 2356 684 optime
2385 612 2645 671 distincta.

570 712 820 768 Ramuli
869 721 1050 765 teretes
1093 707 1322 762 tenuiter
1365 704 1533 759 striati
1578 700 1928 775 ramulique
1971 699 2329 774 subangulosi,
2365 720 2637 775 purpuras·

497 813 695 867 centes,
746 799 936 874 glabri,
994 798 1189 863 laeves,
1240 793 1445 860 nodosi,
1497 789 1796 845 internodiis
1836 793 2014 845 3—12
2043 799 2176 844 cent.
2213 788 2395 862 longis.
2469 789 2638 845 Folia

497 889 878 944 membranacea
920 883 1437 961 pellucido-punctam
1453 917 1470 946 ,
1516 879 1757 952 utrinque
1804 875 1980 950 glabra
2023 896 2174 949 opaca
2192 915 2209 943 ,
2239 895 2393 950 supra
2422 887 2645 931 saturatae

495 977 677 1033 viridia
692 1015 712 1044 ‚
765 975 948 1031 subtus
990 970 1314 1048 pallescentia
1356 967 1634 1041 laevigata,
1686 963 2201 1037 lanceolam-oblonga
2243 964 2325 1018 vel
2369 963 2642 1020 lanceolata

492 1067 641 1123 valde
688 1063 1051 1139 inaequilatera
1067 1101 1083 1129 ,
1106 1078 1109 1081 ·
1135 1061 1292 1115 latere
1334 1055 1425 1110 inf.
1456 1073 1698 1121 convex0,
1734 1053 1985 1126 superiore
2018 1053 2119 1107 fere
2146 1062 2283 1108 recto
2298 1091 2316 1120 ,
2351 1062 2641 1108 attenuato·

495 1155 788 1210 acuminata
802 1191 820 1220 ,
871 1150 1104 1206 acumine
1135 1157 1285 1202 acuto
1298 1185 1317 1214 ,
1353 1142 1460 1199 basi
1502 1141 1792 1216 inaequali,
1827 1141 1984 1196 latere
2017 1144 2213 1214 majore
2242 1141 2640 1196 lato-rotundato

492 1254 545 1299 et
591 1241 916 1319 profundiore
964 1240 1122 1293 etiam
1137 1274 1156 1304 ,
1206 1235 1364 1290 altero
1410 1232 1633 1286 breviore
1681 1240 1787 1284 toto
1823 1229 1967 1304 quasi
1995 1230 2218 1298 rescisso,
2256 1235 2474 1285 14—18
2505 1238 2642 1293 cent,

492 1333 642 1406 longa
657 1370 674 1398 ,
710 1333 895 1396 3-523
937 1327 1042 1381 lata
1060 1364 1077 1392 ,
1113 1320 1481 1397 octuplinervia
1511 1318 1593 1373 vel
1625 1317 1793 1392 potius
1820 1317 2401 1391 octuplinewiwsmm3
2438 1336 2467 1371 e
2491 1334 2648 1371 nervo

494 1419 602 1475 scil.
653 1417 818 1472 medio
863 1415 929 1470 ad
972 1413 1117 1468 basin
1160 1407 1490 1466 crassiusculo
1530 1406 1634 1460 cito
1680 1414 1953 1459 extenuato
1988 1403 2171 1460 subtus
2201 1404 2518 1479 prominente
2536 1441 2553 1472 ,
2587 1404 2642 1457 in

493 1507 655 1561 latere
704 1505 894 1578 majore
937 1507 972 1556 5
988 1540 1006 1569 ,
1059 1501 1112 1554 in
1159 1497 1355 1552 minore
1383 1500 1418 1551 4
1451 1493 1593 1548 nervi
1618 1492 1859 1547 oriuntur
1876 1531 1892 1555 ,
1932 1511 2157 1566 quorum
2190 1491 2449 1546 inferiores
2476 1509 2505 1545 e
2533 1490 2644 1545 basi

495 1595 574 1650 vel
628 1594 803 1669 paullo
850 1609 1002 1665 supra
1044 1607 1157 1643 eam
1205 1584 1355 1639 liberi
1397 1599 1675 1655 eorumque
1704 1598 1941 1635 summus
1977 1579 2153 1634 tbrtior
2183 1579 2285 1633 alte
2315 1578 2644 1648 adseendeus3

495 1701 730 1741 summus
776 1680 843 1736 ad
887 1684 918 1747 ᾗ
965 1677 1058 1733 alt.
1104 1677 1160 1730 in
1190 1674 1348 1728 latere
1374 1671 1602 1738 minore,
1640 1669 1702 1723 ad
1740 1672 1773 1740 ξς
1803 1687 1834 1722 a
1864 1666 2054 1721 basiin
2092 1668 2287 1742 majore
2317 1667 2476 1722 latere
2502 1677 2643 1722 ortus

495 1772 560 1827 ad
588 1771 783 1845 apieem
816 1767 918 1820 fere
946 1764 1131 1818 ductus
1144 1800 1161 1828 ,
1199 1777 1372 1815 omnes
1401 1756 1797 1812 anastomosibus
1824 1754 2308 1810 subhorizontalibus
2339 1755 2641 1829 prominulis

494 1857 737 1915 tenuibus
763 1855 819 1909 in
849 1855 979 1909 sicco
1009 1846 1396 1905 fuseescentibus
1417 1845 1613 1920 juncti.
1685 1843 1908 1900 Petioli
1942 1845 2109 1900 antice
2138 1844 2458 1900 canaliculati
2490 1849 2636 1900 3-5

494 1964 626 2004 mm.
652 1945 789 2018 longi
803 1982 820 2010 ,
853 1940 1023 1997 adulti
1045 1937 1207 2014 glabri
1225 1975 1242 2004 ,
1273 1944 1530 1990 nascentes
1550 1932 1739 2006 postiee
1761 1933 2070 2006 sparsissime
2088 1932 2314 2000 birtelli,
2346 1933 2483 2006 pube
2504 1933 2639 1988 eirca

466 2086 470 2089 Α
499 2031 918 2092 ramulinodum
948 2029 1104 2083 etiam
1143 2025 1456 2082 continuata.
1514 2020 1759 2096 Stipula
1792 2021 2221 2095 oppositifolia
2260 2022 2641 2076 membranacea

491 2122 772 2179 lanceolata
813 2115 1148 2172 canaliculata
1191 2131 1361 2186 parva.
1441 2116 1636 2166 Amen
1650 2119 1713 2165 ta
1738 2110 2081 2167 masculina
2110 2111 2341 2167 nondum
2372 2111 2637 2178 florentia,

494 2208 820 2266 erectiuscnla
849 2205 930 2259 vel
960 2202 1350 2278 patulo-arrecta
1366 2237 1384 2267 ,
1419 2198 1528 2272 ped
1542 2197 1790 2253 unculis
1819 2199 2063 2254 tenuibus
2096 2203 2278 2266 ἑ-Ῑξς
2314 2208 2447 2254 cent.
2476 2197 2641 2271 longis

496 2308 722 2356 sustenta
736 2336 752 2364 ,
804 2303 943 2349 recta
958 2331 976 2360 ,
1020 2290 1336 2346 subflexuosa
1364 2287 1440 2342 vel
1474 2287 1652 2342 leviter
1680 2295 1889 2341 curvata
1905 2326 1922 2354 ,
1959 2287 2259 2356 filiformia,
2290 2292 2474 2342 5—10
2502 2294 2636 2341 cent.

494 2390 651 2462 longa
697 2382 937 2455 adspectu
982 2377 1464 2451 flasco-nigricantia.
1554 2379 1843 2431 Bracteae
1883 2374 2165 2431 subsessiles
2194 2375 2416 2449 peltatae
2442 2374 2643 2433 orbicu-

492 2477 627 2531 lares
672 2472 842 2526 fuscae
887 2466 1294 2540 submarginatae
1342 2483 1497 2538 supra
1540 2462 1776 2537 glabrae,
1828 2462 1999 2518 adhuc
2046 2463 2376 2532 imbricatae,
2413 2462 2646 2537 margine

493 2562 742 2639 superiore
787 2554 1076 2632 subpatulo.
1162 2552 1447 2609 Stamina
1474 2550 1606 2622 duo,
1648 2549 2013 2607 filamentis
2053 2552 2324 2622 brevibus,
2360 2550 2641 2608 antheris

496 2648 864 2710 bilocularibus
901 2648 1020 2719 (sec.
1046 2662 1118 2717 sp.
1146 2642 1260 2714 cit.)

537 2844 637 2917 25.
708 2838 1098 2899 Chattica!
1125 2833 1558 2907 pothoffles.
1644 2831 1834 2911 Piper
1871 2830 2168 2891 Waltioh!
2200 2832 2355 2893 Liar.
2380 2852 2442 2890 n.
2474 2828 2638 2891 6639

495 2945 574 3007 A.
669 2940 941 3001 Ramulis
991 2935 1370 2997 nascentibus
1420 2932 1662 3012 petiolis
1713 2933 2036 3011 nervisque
2086 2932 2377 2992 foliorum
2410 2932 2637 2993 'subtus

503 3066 699 3127 sparse
746 3040 1041 3116 hirtellis,
1099 3039 1194 3098 his
1241 3035 1749 3112 membranaceis,
1790 3035 1959 3096 haud
1992 3034 2638 3114 pellucido-punctatis

500 3150 608 3212 sed
633 3148 711 3208 ad
746 3147 972 3206 lentem
1007 3140 1310 3221 glandulis
1343 3139 1526 3198 fuscis
1552 3139 1951 3199 subtilissimis
1981 3138 2333 3215 conspersis,
2363 3135 2639 3214 oblongis

496 3253 601 3314 vel
631 3244 1261 3322 lanceolam-oblongis
1277 3290 1296 3320 ,
1336 3242 1791 3321 inaequilateris
1809 3287 1826 3316 ‚
1869 3235 2263 3316 acuminatiS,
2302 3240 2428 3299 basi
2463 3238 2636 3297 inae-

495 3353 665 3435 quali
697 3348 1032 3411 rotundatis
1066 3345 1163 3407 vel
1199 3343 1568 3405 subcordatis
1584 3389 1604 3422 ,
1644 3342 1928 3423 septupli·
1965 3341 2066 3402 vel
2114 3341 2637 3419 noveno-neniis,

502 3454 843 3519 amentis...
864 3496 880 3512 .
1325 3483 1332 3490 -

575 3557 869 3618 Habitat
920 3555 988 3613 in
1031 3550 1210 3632 sylvis
1256 3549 1334 3610 ad
1387 3548 1795 3629 Chappedong
1841 3549 2053 3610 Indiae
2092 3548 2399 3609 orientalis
2435 3546 2630 3629 (Wal-

497 3662 658 3725 lich!
703 3660 747 3721 l.
780 3656 863 3740 c.)

566 3804 819 3864 Ramuli
877 3801 1040 3877 glabri
1059 3840 1075 3869 ,
1133 3800 1481 3867 teretiusculi,
1532 3798 1952 3865 striato-sulcati,
2022 3798 2226 3854 minute
2289 3798 2629 3867 verruculosi,

488 3898 716 3974 juniores
756 3890 1011 3967 glandulis
1049 3888 1202 3943 fuscis
1218 3928 1235 3956 ,
1270 3897 1524 3942 nascentes
1551 3885 1669 3958 pilis
1694 3885 1850 3938 etiam
1882 3885 2061 3958 sparsis
2090 3887 2374 3961 conspersi,
2409 3887 2632 3941 interno·

493 3988 592 4043 diis
642 3987 786 4040 6-9
833 3989 965 4035 cent.
1007 3977 1184 4051 longis·
1256 3976 1429 4031 Folia
1454 3972 1815 4041 erectiuscula,
1850 3973 2263 4044 membranacea,
2299 3975 2438 4030 haud
2464 3972 2630 4047 pellu-

497 4075 910 4147 cido-punctata,
942 4066 1050 4121 'sed
1096 4064 1336 4137 utrinque
1363 4063 1430 4136 ad
1459 4061 1654 4116 lentem
1684 4060 1823 4115 fusce
1850 4061 2419 4138 glanduloso-punctata
2434 4100 2451 4128 ,
2482 4079 2636 4134 supra

492 4169 719 4218 saturato
762 4154 939 4211 viridia
987 4150 1160 4226 glabra
1176 4190 1193 4219 ,
1229 4148 1407 4205 subtus
1434 4149 1757 4223 pallescentia
1800 4150 1954 4225 inque
1981 4152 2143 4207 nervis
2171 4162 2221 4206 et
2256 4151 2449 4206 venulis
2473 4150 2634 4224 majo·

497 4250 641 4307 ribus
683 4247 801 4322 pilis
852 4242 980 4298 raris
1028 4238 1263 4313 crispulis
1306 4238 1497 4312 patulis
1547 4236 1847 4293 subhirtella
1866 4278 1883 4307 ,
1937 4239 2319 4313 ovato-oblonga
2334 4277 2352 4306 ,
2387 4237 2597 4310 oblonga
2615 4274 2633 4306 ,

501 4338 582 4396 vel
625 4329 1136 4402 lanceolam-oblonga
1150 4366 1168 4395 ‚
1212 4328 1461 4402 superiora
1503 4326 1619 4402 plus
1648 4346 1804 4402 quam
1835 4326 2063 4383 inferiora
2092 4328 2450 4403 inaequilatera
2468 4364 2484 4395 ,
2518 4343 2636 4380 acu·
