3153 5134
1515 398 1555 458 3
1639 482 1644 487 .

462 600 770 669 scendere
797 615 1112 692 oporteat.
1208 604 1281 666 In
1318 600 1472 667 edit.
1517 599 1603 668 X.
1653 598 1834 686 Syet.
1885 612 2172 665 naturae
2232 604 2309 665 17
2364 599 2596 690 species

464 721 878 790 enumeravit.

553 846 845 933 Longum
895 841 1066 910 foret
1113 864 1338 910 omnes
1386 863 1761 909 enumerare
1804 854 2095 911 auctores
2118 892 2135 921 ,
2192 840 2307 931 qui
2342 839 2592 931 Pipera-

464 982 722 1030 cearum
758 961 1197 1052 cognitionem
1229 961 1358 1029 suis
1389 960 1663 1028 inventis
1697 975 2013 1029 auxerunt
2031 1011 2049 1042 ,
2099 983 2252 1027 nam
2288 960 2424 1028 fere
2459 983 2599 1028 om-

469 1105 582 1150 nes
613 1081 704 1147 illi
735 1080 1022 1150 botanici
1065 1079 1179 1171 qui
1215 1104 1252 1149 e
1287 1081 1469 1149 terris
1505 1080 1764 1171 tropicis
1792 1103 1982 1171 gazas
2014 1080 2346 1150 botanicas
2379 1102 2595 1171 repor-

467 1215 726 1282 tarunt,
791 1200 877 1269 de
928 1201 1281 1292 Piperaceis
1328 1201 1526 1269 etiam
1571 1216 1967 1270 meruerunt.
2059 1203 2112 1268 E
2159 1201 2490 1286 Peruvia
2528 1216 2596 1268 et

466 1320 572 1387 Ch
587 1320 671 1387 ili
706 1320 1034 1411 ingentem
1075 1343 1417 1389 numerum
1450 1345 1694 1388 nmzms
1723 1334 1793 1389 et
1824 1344 2097 1389 ravonus
2129 1322 2495 1390 retulerunt
2525 1332 2595 1390 et

469 1438 679 1508 doctis
721 1439 849 1507 suis
898 1440 1196 1530 operibus
1241 1441 1467 1509 eXimie
1511 1441 2016 1522 illustraverunt,
2038 1513 2044 1519 ,
2064 1441 2231 1510 adeo
2263 1454 2342 1510 ut
2371 1462 2597 1510 eorum

466 1572 538 1625 et
581 1582 881 1625 nummu
922 1571 995 1626 et
1045 1584 1363 1627 swa-rm
1412 1560 1666 1628 solertia
1714 1559 2000 1627 absoluta
2047 1553 2185 1648 jam
2239 1559 2600 1649 Piperacea-

468 1700 618 1746 rum
665 1677 1173 1746 americanarum
1218 1678 1502 1768 cognitio
1534 1678 1736 1745 videri
1770 1677 2114 1767 potuisset,
2162 1678 2281 1745 nisi
2316 1700 2602 1747 summus

471 1822 908 1865 nunnotn'rms
943 1820 1093 1867 cum
1142 1797 1388 1866 itineris
1430 1797 1602 1867 socio
1646 1818 2035 1866 nournumo
2076 1820 2117 1865 e
2151 1797 2334 1870 Novi
2370 1797 2605 1866 Orbis

352 1984 364 1989 -
472 1941 829 2009 numquam
878 1917 1191 1986 exhaustis
1236 1917 1438 2008 plagis
1486 1930 1587 1984 tot
1632 1939 1822 1985 novas
1866 1915 2103 2006 species
2147 1917 2441 1985 retulerit
2460 1969 2478 1998 ,
2528 1932 2605 1986 ut

462 2039 604 2128 jam
650 2037 837 2106 facile
884 2037 1353 2128 intelligaretur
1372 2088 1389 2118 ,
1436 2059 1660 2105 zonam
1699 2036 1988 2127 inprimis
2031 2036 2314 2105 calidam¹
2350 2038 2602 2106 Ameri-

471 2180 587 2225 cae
637 2156 1082 2225 feracissimam
1132 2180 1259 2225 esse
1305 2156 1786 2247 Piperacearum
1833 2170 2129 2225 matrem.
2223 2161 2392 2241 Quas
2434 2158 2556 2225 Asi
2566 2182 2605 2226 a

473 2277 734 2346 calida
791 2291 863 2345 et
920 2276 1501 2367 Archipelagus
1551 2277 2010 2344 Sundaicus
2052 2277 2418 2346 recondunt
2464 2300 2603 2367 spe·

473 2396 638 2478 cieS,
693 2419 1171 2479 noxmnmmm,
1243 2420 1646 2463 wanucmus
1696 2384 1773 2463 et
1814 2421 2090 2463 nunnus
2148 2397 2292 2465 orbi
2345 2396 2603 2465 erudito

475 2530 906 2608 aperuerunt,
965 2531 1034 2585 et
1093 2515 1385 2607 inprimis
1433 2517 1517 2585 de
1562 2515 1935 2607 cognitione
1982 2540 2202 2585 earum
2266 2516 2561 2607 stirpium
2583 2569 2602 2599 ,

475 2659 647 2728 quae
689 2636 911 2729 generi
965 2637 1252 2706 humano
1310 2638 1400 2706 ob
1459 2637 1661 2706 varios
1727 2617 1875 2704 usus
1933 2638 2121 2705 utiles
2184 2651 2369 2719 sunt,
2438 2637 2607 2704 bene

472 2771 870 2825 meruerunt.

566 2875 675 2942 His
707 2875 1006 2945 omnibus
1037 2875 1312 2943 inventis
1337 2875 1585 2942 factum
1616 2887 1741 2955 est,
1780 2887 1858 2940 ut
1888 2898 2290 2941 srnnuonuus
2324 2876 2393 2942 in
2421 2874 2599 2963 Syet.

456 2996 792 3086 <Vegetaln
831 2998 964 3062 229
996 2994 1233 3085 species
1267 2991 1764 3072 enumeraverit,
1795 3007 1862 3061 et
1898 2992 2139 3085 additis
2169 2993 2600 3063 recentiorum

473 3114 784 3195 inventis,
833 3115 903 3181 in
954 3114 1129 3183 libris
1177 3113 1594 3206 systematicis
1639 3112 1836 3182 hodie
1884 3112 2140 3181 circiter
2184 3119 2316 3181 350
2368 3113 2602 3204 species

470 3235 831 3325 descriptae
856 3248 1124 3303 exstent.
1216 3235 1456 3318 Quodsi
1485 3248 1702 3303 autem
1732 3234 2120 3325 perpendas,
2152 3258 2187 3301 a
2212 3233 2435 3323 quovis
2468 3234 2604 3301 fere

473 3354 879 3435 itineratore,
908 3368 1106 3422 terras
1127 3353 1364 3422 calidas
1387 3354 1835 3445 investigante,
1863 3354 2085 3445 quovis
2111 3353 2220 3422 die
2244 3377 2435 3423 novas
2461 3378 2602 3446 spe-

473 3472 602 3539 cies
635 3472 906 3553 adferri,
953 3472 1138 3540 facile
1170 3472 1291 3540 tibi
1321 3474 1730 3564 persuadeas,
1770 3473 2088 3542 minorem
2117 3473 2343 3541 saltem
2379 3497 2600 3542 earum

469 3589 725 3680 copiam
754 3590 1089 3681 cognitam
1121 3613 1268 3662 esse.

513 3832 883 3897 Doctrinae
912 3834 1248 3898 botanicae
1278 3832 1355 3896 de
1384 3832 1772 3919 Piperaceie
1801 3846 1991 3898 ortus
2024 3858 2104 3899 ac
2127 3857 2546 3923 proqreuus.

561 4071 867 4135 anmnus
901 4069 1140 4160 Piperis
1168 4092 1370 4161 genus
1400 4070 1695 4160 inprimis
1727 4072 2082 4139 secundum
2117 4073 2349 4163 species
2382 4071 2589 4140 asiati-

464 4212 578 4257 cas
623 4202 952 4257 exaratum
973 4239 991 4271 ,
1055 4189 1404 4269 diandrum
1439 4201 1504 4255 et
1545 4187 1881 4280 trigynum
1916 4188 2244 4273 exhibuit,
2289 4193 2402 4259 sed
2434 4193 2593 4259 cha-

459 4322 714 4379 ractere
765 4332 998 4401 parum
1046 4321 1447 4401 congruente
1491 4307 1851 4398 insignivit3
1917 4312 2597 4404 Monocotyledonibus

2137 4444 2158 4482 1
2186 4439 2222 4482 ψ
