3153 5134
1454 382 1529 441 11

429 589 841 671 circularibus
888 587 1287 654 instructam.
1380 583 1611 652 Tubuli
1644 583 1736 650 illi
1771 597 1924 651 sunt
1956 585 2240 654 fasciculi
2273 611 2560 658 vasorum
2601 602 2602 607 ’

434 711 753 800 majorum
791 729 1193 797 porosorum,
1240 727 1520 794 quorum
1563 704 1879 772 diameter
1926 728 1963 772 a
2012 709 2367 794 333—133
2403 732 2560 779 mm.

436 827 659 910 variat3
704 827 1056 918 parietibus
1091 825 1468 893 tenuissimis
1500 824 1800 916 porisque
1830 847 1945 915 per
1981 826 2165 894 series
2196 828 2566 897 alternatim

439 947 885 1017 remotiuscule
953 938 1271 1037 dispositis
1331 945 1656 1035 ellipticis‚
1718 944 1970 1045 ambitu
2032 947 2242 1037 opacis
2260 998 2279 1028 ‚
2340 962 2568 1018 centro

442 1067 864 1137 translucidis.
956 1070 1138 1135 Inter
1186 1090 1327 1134 vasa
1376 1066 1533 1134 haec
1583 1087 1808 1156 porosa
1857 1065 2208 1156 aliquando
2248 1069 2571 1157 quaedam

442 1203 790 1257 occurrunt
806 1239 824 1270 ,
855 1188 926 1254 in
950 1187 1184 1277 quibus
1212 1186 1379 1254 fibra
1409 1186 1770 1253 annulatim
1799 1184 1925 1253 sive
1946 1185 2237 1276 spiratim
2267 1186 2569 1278 disposita

443 1308 656 1376 adhuc
688 1307 996 1376 cernitur.
1040 1344 1135 1360 —
1178 1307 1376 1396 Major
1405 1305 1566 1397 ligni
1600 1329 1746 1395 pars
1778 1328 1946 1395 quae
1977 1306 2160 1374 nudo
2190 1308 2379 1376 oculo
2415 1321 2569 1376 tan-

442 1451 639 1518 quam
696 1451 898 1494 massa
954 1411 1353 1517 homogenea
1403 1426 1676 1516 adparet
1693 1476 1712 1507 ,
1775 1439 1845 1493 et
1895 1425 2138 1503 tubulis
2189 1427 2570 1495 tenuissimis

441 1547 811 1638 cylindricis
842 1551 974 1630 335
1008 1569 1165 1614 mm.
1202 1547 1274 1613 in
1308 1546 1503 1612 diam.
1539 1559 1610 1612 et
1644 1544 2042 1614 tenuioribus
2078 1544 2294 1613 adhuc
2344 1547 2570 1616 homo·

440 1666 662 1758 geneis
692 1665 789 1732 vel
815 1664 1191 1756 sparsissime
1219 1664 1550 1754 punctatis
1575 1676 1850 1731 constat.
1884 1702 1978 1717 —-
1998 1666 2163 1731 Haec
2185 1664 2345 1756 ligni
2370 1679 2574 1734 struc-

428 1800 593 1853 tura
628 1807 830 1874 usque
861 1785 947 1851 ad
976 1783 1281 1852 corticem
1318 1783 1587 1852 omnino
1622 1783 1846 1851 eadem
1890 1796 1986 1850 est
2004 1835 2022 1865 ‚
2071 1806 2145 1851 ea
2174 1784 2401 1852 saltem
2435 1785 2574 1853 dif-

444 1903 716 1974 ferentia
770 1918 847 1972 ut
891 1903 1065 1971 inter
1099 1927 1239 1970 vasa
1273 1903 1517 1992 majora
1548 1900 1952 1991 frequentius
1979 1901 2200 1970 striata
2233 1920 2578 1974 occurrant

449 2047 525 2092 ac
566 2023 638 2090 in
681 2036 929 2091 centro.
964 2062 1057 2076 —
1085 2026 1168 2088 In
1202 2023 1402 2090 altero
1437 2035 1674 2090 trunco
1705 2021 1799 2111 (n.
1836 2022 1998 2112 370)
2022 2001 2072 2089 ‘5
2109 2037 2284 2092 cent.
2317 2024 2576 2094 circiter

447 2165 649 2212 crasso
696 2142 913 2211 omnia
956 2141 1185 2209 eadem
1233 2140 1369 2208 fere
1416 2140 1668 2209 ratione
1708 2162 1773 2208 se
1822 2140 2070 2209 habent
2104 2164 2177 2210 ac
2210 2141 2280 2208 in
2311 2166 2578 2238 praece-7

452 2264 649 2331 dente
666 2313 684 2344 ,
751 2285 824 2330 ea
866 2262 1093 2329 saltem
1144 2260 1512 2329 differentia
1565 2274 1644 2328 ut
1690 2261 1853 2328 radii
1889 2262 2272 2331 medullares
2304 2264 2580 2334 minores

453 2385 550 2452 vel
595 2382 952 2452 secundarii
1008 2389 1185 2450 3—5
1235 2382 1622 2473 plerumque
1663 2381 1850 2450 inter
1869 2382 2032 2452 duos
2067 2385 2338 2472 majores
2368 2387 2585 2454 adsint

453 2518 522 2573 et
550 2527 686 2572 vasa
713 2516 1289 2594 poroso-punctata
1320 2524 1505 2593 saepe
1538 2501 1849 2592 ampliora
1881 2515 1948 2570 et
1976 2503 2188 2573 multo
2214 2504 2584 2595 copiosiori—

456 2626 576 2693 bus
640 2623 1125 2713 minoribusque
1179 2622 1349 2712 poris
1413 2621 1792 2692 densissimis
1847 2633 2055 2712 'quam
2120 2625 2585 2715 elegantissime

458 2757 767 2834 punctata
801 2742 953 2811 sint.

549 2868 626 2930 In
667 2864 856 2932 ramis
888 2860 1235 2931 Artanthes
1263 2858 1615 2949 specierum
1650 2858 1875 2927 eadem
1905 2874 2228 2930 structura
2260 2886 2336 2930 ac
2367 2863 2439 2931 in
2483 2864 2583 2931 Pi-

461 2984 630 3077 peris
657 2998 724 3052 et
748 2982 1055 3051 Cbavicae
1088 2981 1261 3074 (vide
1292 2981 1511 3071 supra)
1546 2979 1804 3048 obtinet
1835 2995 1902 3049 et
1925 2980 2066 3071 jam
2094 2982 2165 3049 in
2199 2983 2429 3050 annuis
2457 2985 2585 3078 lig-

457 3129 622 3174 num
664 3127 781 3195 per
825 3103 1037 3171 radios
1068 3101 1453 3169 medullares
1484 3101 1705 3167 fissum
1739 3100 1924 3169 facile
1957 3102 2348 3174 observatur.

550 3223 883 3293 Peculiaris
928 3236 1023 3290 est
1074 3235 1399 3291 structura
1447 3222 1835 3289 nodorum
1869 3222 2163 3313 inprimis
2192 3224 2260 3292 in
2294 3224 2584 3316 Pipereis.
2617 3209 2622 3212 μ

458 3349 621 3415 Cum
676 3342 853 3411 enim
898 3343 985 3409 ad
1032 3342 1318 3433 quemvis
1366 3342 1617 3411 nodum
1670 3343 1983 3433 vegetatio
2033 3366 2291 3435 gemma
2343 3346 2584 3413 axillari

460 3464 882 3534 continuatur
899 3514 917 3544 ‚
982 3461 1497 3532 internodiorum
1551 3485 1690 3530 non
1739 3462 1858 3530 nisi
1905 3463 2102 3532 levior
2149 3464 2439 3534 cohaesio
2491 3480 2590 3533 est

465 3599 538 3653 et
595 3607 843 3652 summa
890 3583 1272 3673 plerumque
1321 3582 1644 3650 nodorum
1695 3581 2025 3673 fragilitas.
2125 3583 2402 3651 Petiolus
2452 3584 2588 3652 basi

466 3703 767 3793 vaginans
790 3717 857 3771 et
884 3702 1246 3794 praesertim
1261 3701 1523 3792 juniore
1547 3715 1756 3769 aetate
1779 3702 2027 3792 stipulis
2048 3702 2175 3772 suis
2202 3717 2428 3775 auctus
2457 3703 2593 3794 api-

464 3846 610 3894 cem
660 3822 1010 3891 internodii
1059 3821 1394 3912 amplectit
1439 3836 1508 3890 et
1559 3844 1639 3889 ex
1688 3835 1829 3890 toto
1880 3821 2100 3914 itaque
2145 3824 2283 3911 ejus
2342 3823 2590 3892 ambitu

465 3944 666 4012 fibras
697 3967 840 4011 suas
866 3944 1211 4011 vasculares
1242 3943 1503 4034 accipit3
1541 3965 1663 4010 nec
1699 3956 1918 4011 tamen
1953 3944 2273 4033 aequabili
2308 3944 2592 4027 ratione,

469 4085 625 4132 nam
661 4065 867 4154 major
898 4065 1212 4132 fibrarum
1247 4087 1391 4153 pars
1423 4086 1499 4131 ex
1531 4086 1610 4132 eo
1645 4062 1994 4132 internodii
2041 4065 2239 4133 latere
2285 4086 2594 4153 prorum-

469 4183 610 4277 pit,
645 4209 778 4276 quo
812 4186 1042 4256 folium
1075 4185 1338 4253 affixum
1378 4199 1493 4252 est.
1585 4188 1793 4275 Supra
1830 4185 1998 4253 hauc
2031 4182 2252 4274 petioli
2282 4182 2595 4274 originem

470 4305 826 4376 internodii
890 4306 1039 4375 finis
1106 4320 1238 4385 est,
1313 4304 1533 4393 ibique
1585 4304 1916 4387 tumescit3
1980 4304 2156 4373 intus
2204 4316 2318 4372 aut
2382 4316 2599 4374 totum
