3153 5134
1480 375 1608 437 453

460 587 679 651 utroque
708 573 1215 649 compressiusculum
1233 612 1250 640 ‚
1285 571 1395 625 basi
1428 571 1809 645 emarginatum
1823 608 1844 638 ‚
1877 570 2135 627 subtiliter
2168 568 2558 632 scrobiculatum
2580 614 2598 646 ‚

451 664 906 721 castaneo-fuscum
942 665 1059 734 (sec.
1093 680 1167 735 sp.
1202 658 1394 715 Humb'.
1429 658 1579 713 Herb.
1619 659 1827 731 wind.)

532 861 633 923 88.
713 863 1089 922 Amathe
1122 861 1592 919 Kaumana.
1664 858 1868 920 Ramis
1891 861 2259 941 ramulisque
2289 862 2585 940 patentim

453 965 713 1025 birtellis
746 973 806 1025 et
842 961 1225 1023 verruculose
1255 960 1511 1037 scabris,
1552 960 1840 1021 sti-inlatis
1854 1008 1873 1037 ,
1911 961 2072 1022 foliis
2102 963 2455 1025 brevissime
2486 984 2587 1044 pe·

456 1068 704 1145 tiolatis‚
750 1067 1021 1145 oblongis
1067 1064 1450 1138 acuminatis,
1491 1064 1621 1123 basi
1666 1063 1987 1126 rotundata
2033 1065 2450 1146 inaequalibus
2485 1067 2586 1127 vel

449 1172 850 1253 inaequaliter
882 1168 1276 1242 suboordatis,
1316 1165 1824 1245 rigido-coriaceis
1854 1168 2581 1249 pellucido-punctnlatis,

450 1294 628 1354 supra
671 1272 1172 1335 scabro-birtellis
1186 1316 1205 1348 ,
1244 1269 1384 1348 pilis
1421 1270 1669 1331 demum
1711 1270 1983 1331 deciduis
2000 1317 2018 1347 ,
2058 1280 2120 1332 et
2160 1273 2581 1334 verruculoso-

445 1376 851 1451 scaberrimis,
891 1374 1097 1434 subtus
1133 1370 1409 1451 inprimis
1443 1373 1508 1431 in
1542 1372 1746 1432 nervis
1780 1373 2137 1453 venulisque
2168 1375 2581 1437 birtello-sca-

451 1480 601 1554 bris,
635 1479 807 1538 costis
841 1476 1131 1555 utrinque
1166 1475 1355 1552 5-6,
1390 1476 1646 1535 amentis
1672 1477 1989 1554 subrectis,
2009 1478 2396 1558 ,cylindricis,
2433 1478 2582 1540 folio

445 1583 807 1662 plerumque
849 1578 1257 1655 brevioribus,
1308 1578 1656 1658 pedunculo
1701 1579 1945 1640 hirtello
1988 1581 2280 1659 petiolum
2315 1583 2579 1643 multum

447 1691 793 1764 superante,
834 1682 1089 1743 bracteis
1121 1681 1357 1761 peltatis
1388 1672 1990 1743 birtello·fimbriatis.

530 1823 824 1884 Habitat
857 1824 921 1882 in
954 1822 1202 1883 Brasilia
1231 1822 1431 1904 (Herb.
1462 1823 1607 1884 Mus.
1634 1821 1822 1885 Paris!
1856 1845 1915 1883 n.
1944 1821 2119 1904 265),
2147 1824 2333 1886 Minas
2357 1826 2575 1888 Geraes

449 1926 776 2009 (Claussenl
824 1926 890 1986 in
931 1926 1106 1986 Herb.
1146 1927 1232 1987 De
1270 1924 1453 2005 Less.)

512 2106 736 2157 Ramus
777 2102 1015 2170 nodosus,
1060 2121 1242 2176 parum
1287 2102 1564 2168 flexuosus,
1608 2099 1871 2155 ramulis
1907 2100 2137 2170 alternis,
2183 2103 2576 2177 anguloso-tere-

443 2190 720 2255 flasculas,
772 2191 980 2246 striatus
994 2235 1009 2261 ‚
1067 2210 1169 2245 uno
1215 2190 1370 2245 latere
1413 2189 1955 2263 plano-canaliculatns
1968 2229 1987 2258 ,
2029 2190 2084 2244 in
2121 2190 2250 2246 sicco
2287 2192 2581 2267 ferrugineis

436 2279 558 2354 pilis
607 2279 784 2352 rigidis
833 2280 1015 2354 sparsis
1064 2289 1118 2333 et
1167 2277 1443 2333 numerosis
1493 2277 1769 2332 verruculis
1812 2278 1943 2332 albis
1994 2278 2159 2333 variae
2206 2280 2579 2352 magnitudinis

434 2366 629 2437 scaber,
675 2368 972 2422 internodiis
1010 2371 1154 2421 5-8
1194 2374 1326 2421 cent.
1363 2364 1552 2437 longis3
1600 2364 1742 2418 nodis
1780 2364 2018 2420 tumidis.
2090 2365 2261 2419 Folia
2292 2366 2578 2439 suberecta,

437 2453 692 2529 petiolis
725 2457 861 2506 4-5
893 2473 1020 2507 mm.
1049 2453 1237 2526 longis,
1273 2451 1643 2517 crassiusculis,
1675 2449 1846 2504 antice
1875 2449 2246 2518 canaliculatis,
2284 2452 2495 2509 hit-tellis
2522 2467 2578 2512 et

436 2540 800 2608 verrucnlosis,
841 2540 1027 2595 scabris
1067 2540 1268 2608 innixa,
1313 2536 1708 2611 omli-oblonga,
1751 2536 1859 2591 basi
1898 2537 2150 2613 inaequali
2180 2549 2271 2593 aut
2304 2542 2579 2600 rotundata

440 2640 534 2685 aut
561 2628 1062 2690 subcordato—cxcisa,
1097 2647 1196 2681 non
1233 2626 1375 2681 valde
1406 2623 1864 2698 inaequilateralia,
1902 2625 2222 2692 acuminata,
2259 2628 2579 2701 marginibus

439 2735 612 2771 versus
640 2716 832 2789 apicem
862 2716 944 2769 vix
973 2715 1226 2781 revolutis,
1256 2717 1327 2767 19
1355 2721 1486 2767 cent.
1514 2712 1684 2784 longa,
1713 2716 1887 2777 6—7}
1909 2711 2031 2779 lata,
2062 2712 2574 2785 rigido-subcoriaoea,

436 2804 1032 2879 pellucido-punctulata,
1068 2822 1220 2876 supra
1249 2801 1454 2866 viridia,
1494 2800 1609 2874 pilis
1639 2799 1787 2854 fuscis
1816 2799 1994 2874 sparsis
2025 2800 2080 2854 in
2109 2820 2163 2856 n.
2191 2802 2359 2857 medio
2387 2814 2441 2858 et
2468 2804 2576 2860 fere

433 2895 493 2948 in
536 2893 716 2958 costis,
764 2892 1038 2966 rigidisque
1082 2911 1236 2965 supra
1278 2889 1618 2964 parenchyma
1661 2887 1867 2942 demum
1917 2887 2143 2943 deciduis
2190 2900 2240 2944 et
2286 2893 2572 2949 verruculas

434 2982 629 3037 albidas
659 2980 1059 3055 relinquentibus
1089 2978 1415 3041 scaberrima,
1442 2974 1619 3030 subtus
1644 2973 1832 3047 pallide
1859 2974 2062 3041 viridia,
2092 2974 2386 3045 reticulata,
2415 2980 2574 3051 inpri-

434 3071 533 3127 mis
566 3071 618 3124 in
653 3089 805 3125 nervo
834 3068 1080 3142 costisque
1108 3065 1308 3121 fuscule
1335 3062 1802 3137 puberulwbirtella
1830 3071 1882 3117 et
1910 3061 2151 3118 scabrida.
2210 3067 2252 3117 E
2280 3083 2436 3120 nervo
2468 3086 2574 3122 me-

376 3225 379 3228 ·
432 3160 518 3214 dio
544 3159 724 3214 subtus
749 3158 1061 3232 prominente
1094 3156 1333 3229 utrinque
1364 3157 1506 3207 5-6
1541 3162 1701 3205 costae
1730 3151 1955 3205 alternae
1986 3152 2319 3224 prominentes
2342 3155 2571 3211 exoriun-

432 3255 545 3313 tur,
590 3266 807 3321 quarum
846 3243 1028 3298 infima
1065 3243 1269 3298 subtilis
1309 3251 1358 3295 et
1396 3240 1583 3306 brevis,
1620 3239 1843 3313 reliquae
1877 3258 2039 3294 versus
2070 3242 2316 3313 margines
2344 3243 2446 3297 alte
2478 3246 2568 3300 ad-

429 3335 741 3400 scendentes,
774 3352 1010 3407 suprema
1039 3333 1095 3386 in
1130 3331 1291 3385 media
1329 3330 1409 3384 vel
1440 3349 1591 3403 supra
1625 3329 1845 3383 mediam
1877 3329 2123 3383 laminam
2153 3340 2262 3385 orta
2286 3332 2350 3385 ad
2374 3333 2568 3405 apicem

431 3423 705 3479 adsccndit.
787 3429 1126 3476 Anastomoses
1175 3430 1487 3473 transversae
1537 3416 1876 3491 prominentes
1922 3417 2233 3475 reticulatae.
2313 3424 2498 3475 Amen
2509 3431 2570 3477 ta

431 3511 784 3583 oppositifolia,
816 3510 1096 3576 suberecta,
1124 3506 1491 3581 pedunculis
1520 3505 1856 3560 tenuinsculis
1884 3506 2031 3560 rectis
2064 3506 2391 3580 cylindraceis
2420 3510 2569 3566 stria·

429 3598 559 3653 tulis
604 3595 1085 3672 birtello-puberulis
1129 3600 1267 3650 1—3
1314 3604 1442 3649 cent.
1489 3593 1651 3666 longis
1695 3603 1947 3660 sustenta,
1992 3592 2253 3659 subrecta,
2296 3614 2568 3673 parumper

428 3686 674 3754 flexuosa,
711 3691 926 3742 11-12
960 3695 1092 3740 cent.
1120 3683 1295 3756 longa,
1325 3682 1556 3736 florentia
1588 3687 1651 3749 2,
1682 3679 1928 3736 baccifera
1961 3686 1995 3735 3
2026 3700 2154 3737 mm.
2187 3702 2364 3738 crassa.
2436 3688 2566 3742 Flo-

431 3794 525 3831 res
553 3776 830 3831 densissimi
860 3774 1110 3848 spiraliter
1142 3772 1384 3846 dispositi.
1456 3776 1741 3826 Bracteae
1769 3771 2325 3846 pedicellato-peltatae,
2362 3774 2565 3848 peltae

431 3859 728 3917 orbicularis
757 3881 868 3916 arca
895 3862 1072 3935 exigua
1102 3860 1313 3914 centrali
1344 3860 1507 3927 nuda,
1543 3859 1742 3933 reliqua
1769 3868 1911 3932 parte
1939 3858 2452 3928 hirtello-fimbriata‚
2483 3865 2562 3938 pi-

428 3950 496 4005 lis
525 3951 695 4023 griseis
727 3949 807 4003 vel
836 3950 974 4004 tusce
1003 3949 1172 4023 griseis
1204 3948 1442 4002 radiatim
1472 3945 1776 4020 patentibus.
1846 3946 2119 4001 Stamina
2148 3952 2182 4002 2
2216 3949 2295 4003 vel
2326 3955 2388 4017 3,
2424 3950 2564 4005 fila-

431 4041 657 4094 mentis
683 4039 941 4105 brevibus,
969 4038 1245 4092 antheris
1273 4035 1645 4100 bilocularibus.
1712 4039 1933 4090 Baccae
1958 4035 2221 4104 obovatae,
2253 4048 2561 4112 tetragonae,

428 4127 616 4182 vertice
661 4126 932 4182 rotundato
974 4128 1266 4200 impressae,
1319 4122 1622 4178 umbonatae
1664 4121 1866 4196 glabrae
1909 4124 2028 4193 (sec.
2069 4141 2195 4197 spec.
2241 4125 2391 4182 Herb.
2438 4132 2562 4189 Mus.

429 4214 606 4285 Paris.)

503 4302 694 4358 Habitu
730 4307 792 4358 Α.
832 4299 1318 4378 diospyriioliam
1358 4299 1674 4368 aemulatur,
1711 4298 1794 4354 sed
1833 4298 2134 4358 indumento
2166 4309 2321 4377 atque
2353 4307 2567 4365 amentis

424 4392 827 4448 distinctissima.
