3153 5134
1599 365 1685 426 94

646 558 856 616 Caulis
882 552 1209 613 succulentus
1238 555 1425 630 pedalis
1452 557 1834 626 teretiusculus,
1867 559 1923 612 in
1945 559 2075 614 sicco
2096 558 2289 634 rigidus
2314 558 2504 628 durus,
2527 578 2712 633 parum

572 649 808 717 nodosus»,
832 646 1156 702 cicatricibus
1177 646 1413 702 loliorum
1438 648 1731 703 alternatim
1758 668 2077 718 verrucosus,
2102 649 2403 705 internodiis
2424 655 2563 714 1¹5—ss
2579 662 2712 708 cent.

570 738 748 812 longis.
819 736 988 792 Folia
1037 735 1257 803 alterna,
1303 736 1694 810 erecto-patula,
1736 738 1790 790 in
1828 738 1959 793 sicco
1986 739 2147 812 rigide
2182 749 2234 793 et
2267 738 2475 793 tenuius
2507 738 2713 793 cartila-

566 826 982 898 gineo-coriacea,
1031 824 1306 896 subopaca,
1353 823 1671 897 marginibus
1709 824 1887 898 rigidis
1927 834 2220 892 extenuata,
2276 824 2339 879 ad
2367 824 2563 878 lentem
2593 824 2710 878 sub-

566 913 817 986 pellucida
845 922 898 966 et
926 910 1218 978 reticulata,
1266 910 1688 985 elliptico-ovata,
1736 912 2042 986 aequilatera
2068 914 2149 967 vel
2186 912 2288 967 alia
2316 912 2711 986 inaequilatera,

568 1000 676 1054 basi
716 998 989 1054 rotundata
1019 997 1100 1051 vel
1132 998 1473 1065 acutiuscula,
1523 1017 1694 1053 versus
1726 999 1921 1073 apicem
1954 1000 2273 1075 longiuscule
2308 1009 2712 1055 attenuato-acu·

476 1108 481 1113 ¹
562 1086 785 1153 minata,
809 1085 1046 1140 acumine
1064 1095 1200 1139 recto
1226 1084 1567 1152 acutiusculo,
1596 1089 1809 1153 3ξ-3ῗς
1826 1096 1955 1141 cent.
1977 1086 2130 1161 longa
2154 1086 2233 1141 vel
2255 1085 2431 1160 paullo
2459 1085 2709 1160 longiora,

566 1178 775 1240 13--13
809 1183 943 1228 cent.
977 1173 1109 1239 lata,
1154 1172 1370 1227 obsolete
1408 1173 1656 1246 quinque·
1694 1173 1775 1228 vel
1808 1173 2268 1248 quintuplinervia,
2311 1193 2366 1229 n.
2398 1173 2568 1228 medio
2596 1192 2707 1248 per-

563 1270 825 1328 currente,
855 1259 1153 1314 lateralibus
1174 1260 1327 1332 juxta
1358 1261 1611 1333 margines
1638 1260 2079 1328 adscendentibus,
2113 1262 2192 1317 vel
2222 1261 2492 1330 trinervia3
2522 1280 2709 1316 nervus

566 1347 765 1421 medius
793 1347 1150 1402 crassiusculus
1176 1347 1521 1421 prominulus,
1542 1357 1875 1403 anastomoses
1905 1350 2216 1405 reticulatae.
2290 1348 2510 1403 Petioli
2538 1349 2709 1403 antioe

563 1435 895 1490 canaliculati
924 1440 1062 1490 2-3
1093 1455 1223 1491 mm.
1255 1435 1411 1510 longi.
1444 1439 1563 1505 (sec.
1594 1456 1669 1510 sp.
1700 1437 1872 1492 sterile
1902 1437 2095 1494 Humb.
2131 1440 2189 1492 in
2218 1438 2366 1493 Eerb.
2401 1437 2609 1507 Willd.)
2637 1468 2708 1482 —

562 1530 823 1579 Amenta
851 1520 1183 1595 oppositifolia
1205 1520 1388 1576 folium
1412 1522 1777 1597 subaequantia
1802 1544 1862 1579 ex
1893 1540 2097 1597 Κσπτιῐς
2129 1525 2400 1582 terminale
2420 1525 2707 1581 solitarium

564 1626 784 1680 W11.1.1›.;
826 1610 1080 1684 pollicaria
1112 1611 1378 1666 filitbrmia
1404 1630 1464 1665 ex
1497 1626 1659 1667 sonu.
1694 1622 1743 1666 et
1780 1626 1988 1667 scum.

649 1742 1113 1803 observatio.
1197 1740 1355 1815 Quid
1413 1740 1636 1819 Piper
1682 1741 2156 1802 ruscifolium
2197 1743 2400 1804 Herb.
2446 1742 2704 1805 Willd.

570 1868 630 1906 n.
677 1843 824 1904 719!
871 1843 948 1903 ad
984 1843 1251 1904 Cumana
1283 1844 1361 1903 ab
1388 1864 1741 1905 msomxo
1782 1844 2061 1905 lectum?
2141 1845 2529 1925 Peperomiae
2561 1846 2705 1907 bra·-

569 1945 931 2027 chyphyllae
970 1943 1146 2005 affine
1186 1945 1444 2005 videtur.

649 2144 749 2204 43.
833 2149 1287 2218 repen-omia
1316 2148 1614 2219 saligna
1640 2145 1721 2205 H.
1741 2143 1816 2204 B.
1833 2144 1915 2205 K.
1930 2144 2082 2203 Nov.
2100 2144 2246 2205 Gen.
2276 2144 2434 2204 Tom.
2454 2143 2512 2204 I.
2517 2163 2585 2224 p.
2601 2142 2698 2206 62.

569 2249 665 2308 Pl.
706 2249 941 2325 aequin.
988 2248 1145 2307 Tom.
1182 2248 1275 2307 II.
1299 2269 1367 2327 p.
1410 2247 1505 2307 52.
1588 2246 1795 2307 Kumh
1853 2245 2103 2326 Synops.
2167 2244 2318 2306 Tom.
2365 2247 2424 2308 I.
2456 2267 2520 2328 p.
2565 2246 2698 2305 115.

567 2351 755 2430 Piper
800 2350 1001 2408 Roem.
1044 2361 1101 2408 et
1144 2350 1371 2410 Schult.
1412 2351 1568 2428 Syse.
1651 2349 1835 2408 Caule
1871 2356 2070 2408 erecto
2107 2368 2337 2410 ramoso
2353 2396 2372 2427 ,
2421 2348 2582 2409 foliis
2617 2348 2700 2408 al·

567 2452 753 2512 ternis
802 2451 1216 2513 subseoeilibus
1267 2452 1617 2513 lanceolatis
1632 2497 1650 2527 ‚
1692 2452 1982 2530 utrinque
2032 2451 2357 2531 angustatis
2376 2498 2395 2528 ,
2443 2451 2700 2527 obtusis,

565 2552 800 2614 venosis
818 2599 838 2630 ,
897 2553 1157 2614 carnosis
1176 2599 1194 2631 ,
1254 2553 1476 2633 glabris
1489 2597 1509 2630 ‚
1567 2551 1918 2632 pedunculo
1976 2553 2283 2616 terminali
2341 2555 2665 2636 tristachyo
2681 2599 2702 2631 ,

569 2658 822 2720 floribus
860 2656 1076 2717 densis.

652 2761 960 2822 Habitat
987 2760 1059 2834 in
1084 2760 1433 2820 declivitate
1462 2759 1826 2821 occidentali
1855 2761 2077 2821 montis
2102 2760 2392 2839 Quindiu‚
2416 2763 2493 2823 ad
2509 2763 2707 2841 ripam

570 2863 844 2924 fluminis
876 2863 1129 2942 Boquia‚
1166 2864 1265 2922 alt.
1303 2861 1424 2922 920
1457 2863 1704 2942 hexap.,
1741 2883 1820 2923 m.
1857 2864 1982 2924 Oct.
2020 2864 2080 2924 fl.
2116 2865 2357 2945 (Humb.
2392 2874 2454 2926 et
2468 2863 2712 2945 Boupl.)

653 3060 750 3121 44.
835 3064 1291 3133 Peperomla
1340 3063 1704 3121 trinervls
1733 3062 1930 3140 ‘Ruiz
1987 3073 2041 3121 et
2092 3062 2285 3121 Pav.!
2344 3063 2433 3121 Fl.
2487 3064 2706 3121 Peruv.

583 3165 737 3223 Tom.
779 3161 836 3222 Ι.
862 3183 924 3241 p.
963 3159 1058 3220 50.
1139 3161 1320 3240 Piper
1361 3162 1420 3220 V
1416 3162 1517 3222 ahl
1549 3164 1767 3222 Enum.
1817 3164 1967 3222 Tom.
2006 3163 2063 3222 Ῑ.
2089 3184 2155 3242 p.
2189 3162 2327 3221 342.
2411 3164 2485 3222 P.
2505 3164 2708 3243 fasci-

574 3268 771 3327 calare
814 3261 1061 3322 Willd.!
1101 3262 1279 3323 Herb.
1362 3263 1573 3325 Erecta
1609 3264 1957 3324 succulenta
2004 3262 2131 3320 basi
2161 3261 2467 3337 radicans,
2510 3282 2708 3341 sparse

572 3368 758 3448 pilosa
776 3413 794 3442 ‚
851 3365 1012 3425 foliis
1062 3365 1310 3425 alternis
1360 3367 1537 3445 longe
1586 3366 1883 3445 petiolatis
1931 3364 2297 3424 succulentis
2343 3364 2712 3444 glandulosis

574 3467 1106 3533 ovato-rotundatis
1157 3468 1656 3547 subaequilateris
1671 3514 1688 3544 ‚
1748 3467 1969 3542 acutis,
2022 3467 2146 3526 basi
2196 3468 2705 3548 lato-rotundatis»,

572 3572 908 3647 trinerviis‚
942 3590 1123 3649 supra
1156 3572 1534 3630 nascentibus
1561 3591 1764 3630 versus
1791 3571 2090 3649 margines
2115 3590 2313 3650 sparse
2344 3572 2546 3650 pilosis
2561 3572 2707 3634 dein

575 3676 857 3758 glabratis
875 3721 893 3751 ‚
946 3675 1155 3734 subtus
1202 3673 1700 3752 nigro-punctatis
1720 3719 1736 3747 ,
1777 3672 2164 3752 ⁴marginibus
2202 3674 2563 3756 petiolisque
2595 3677 2707 3756 ju·-

573 3780 847 3842 niorihus
903 3778 1103 3837 antice
1151 3775 1427 3834 ciliolatis
1445 3821 1462 3851 ‚
1503 3777 1759 3836 amentis
1809 3776 2157 3837 axillaribns
2192 3787 2253 3838 et
2289 3779 2707 3840 terminalibus

574 3884 838 3946 breviter
875 3879 1302 3961 pedunculatis
1317 3924 1334 3954 ‚
1377 3878 1761 3940 filiformihus
1799 3881 2012 3941 erectis
2048 3883 2447 3944 remotifloris.

646 4030 803 4078 lcon.
834 4018 962 4072 Ruiz
988 4026 1039 4070 ct
1070 4020 1184 4071 Pav.
1217 4016 1255 4070 l.
1285 4035 1330 4071 c.
1363 4016 1488 4073 Tab.
1513 4022 1602 4072 50.
1633 4017 1683 4071 b.
1709 4036 1713 4041 ·

644 4109 815 4166 Herb.
850 4104 1032 4159 Willd.
1068 4124 1119 4159 n.
1157 4109 1286 4158 724!

663 4242 961 4304 Habitat
1000 4242 1066 4301 in
1100 4238 1407 4300 montibus
1441 4240 1737 4302 umbrosis
1769 4240 2064 4303 Peruviae
2112 4239 2207 4321 (R.
2249 4247 2310 4299 et
2346 4238 2440 4299 R!
2487 4239 2523 4298 1.
2563 4256 2614 4298 c.
2652 4243 2714 4298 et

584 4350 648 4408 in
687 4347 863 4408 Herb.
905 4364 1032 4424 reg.
1069 4339 1281 4421 hercl.)
