<?xml version="1.0" encoding="UTF-8"?>
<!DOCTYPE html PUBLIC "-//W3C//DTD XHTML 1.0 Transitional//EN"
    "http://www.w3.org/TR/xhtml1/DTD/xhtml1-transitional.dtd">
<html xmlns="http://www.w3.org/1999/xhtml" xml:lang="en" lang="en">
 <head>
  <title>
</title>
<meta http-equiv="Content-Type" content="text/html;charset=utf-8" />
  <meta name='ocr-system' content='tesseract 3.04.00' />
  <meta name='ocr-capabilities' content='ocr_page ocr_carea ocr_par ocr_line ocrx_word'/>
</head>
<body>
  <div class='ocr_page' id='page_1' title='image "./systemapiperace00migugoog_0119.png"; bbox 0 0 3153 5134; ppageno 0'>
   <div class='ocr_carea' id='block_1_1' title="bbox 1419 331 1543 394">
    <p class='ocr_par' dir='ltr' id='par_1_1' title="bbox 1419 331 1543 394">
     <span class='ocr_line' id='line_1_1' title="bbox 1419 331 1543 394; baseline 0.024 -3"><span class='ocrx_word' id='word_1_1' title='bbox 1419 331 1543 394; x_wconf 85' lang='lat'><strong>105</strong></span> 
     </span>
    </p>
   </div>
   <div class='ocr_carea' id='block_1_2' title="bbox 411 522 2548 711">
    <p class='ocr_par' dir='ltr' id='par_1_2' title="bbox 411 522 2548 711">
     <span class='ocr_line' id='line_1_2' title="bbox 411 522 2545 612; baseline 0.002 -23"><span class='ocrx_word' id='word_1_2' title='bbox 411 529 657 603; x_wconf 89' lang='lat' dir='ltr'><strong>culatis,</strong></span> <span class='ocrx_word' id='word_1_3' title='bbox 716 528 1128 606; x_wconf 79' lang='lat' dir='ltr'><strong>superioribus</strong></span> <span class='ocrx_word' id='word_1_4' title='bbox 1183 529 1511 607; x_wconf 83' lang='lat' dir='ltr'><strong>majoribus</strong></span> <span class='ocrx_word' id='word_1_5' title='bbox 1568 532 1757 589; x_wconf 80' lang='lat' dir='ltr'><strong>ovatis</strong></span> <span class='ocrx_word' id='word_1_6' title='bbox 1813 532 2160 593; x_wconf 82' lang='lat' dir='ltr'><strong>ovalibusve</strong></span> <span class='ocrx_word' id='word_1_7' title='bbox 2175 580 2193 609; x_wconf 94' lang='lat'><em>,</em></span> <span class='ocrx_word' id='word_1_8' title='bbox 2258 522 2545 612; x_wconf 81' lang='lat' dir='ltr'><strong>utrinque</strong></span> 
     </span>
     <span class='ocr_line' id='line_1_3' title="bbox 413 631 2548 711; baseline 0.002 -21"><span class='ocrx_word' id='word_1_9' title='bbox 413 631 672 709; x_wconf 83' lang='lat' dir='ltr'><strong>glabris,</strong></span> <span class='ocrx_word' id='word_1_10' title='bbox 729 631 1032 690; x_wconf 81' lang='lat' dir='ltr'><strong>trinerviis</strong></span> <span class='ocrx_word' id='word_1_11' title='bbox 1048 675 1067 706; x_wconf 91' lang='lat'><em>,</em></span> <span class='ocrx_word' id='word_1_12' title='bbox 1123 631 1491 707; x_wconf 91' lang='lat' dir='ltr'><strong>reticulatis,</strong></span> <span class='ocrx_word' id='word_1_13' title='bbox 1549 633 1759 693; x_wconf 79' lang='lat' dir='ltr'><strong>subtus</strong></span> <span class='ocrx_word' id='word_1_14' title='bbox 1811 634 2209 696; x_wconf 71' lang='lat' dir='ltr'><strong>albicantibus</strong></span> <span class='ocrx_word' id='word_1_15' title='bbox 2226 681 2242 711; x_wconf 93' lang='lat'><strong><em>,</em></strong></span> <span class='ocrx_word' id='word_1_16' title='bbox 2295 637 2548 696; x_wconf 90' lang='lat' dir='ltr'><strong>amentis</strong></span> 
     </span>
    </p>
   </div>
   <div class='ocr_carea' id='block_1_3' title="bbox 412 733 2555 914">
    <p class='ocr_par' dir='ltr' id='par_1_3' title="bbox 412 733 2555 914">
     <span class='ocr_line' id='line_1_4' title="bbox 412 733 2555 816; baseline 0.002 -22"><span class='ocrx_word' id='word_1_17' title='bbox 412 733 838 812; x_wconf 89' lang='lat' dir='ltr'><strong>pedunculatis</strong></span> <span class='ocrx_word' id='word_1_18' title='bbox 890 733 1238 794; x_wconf 84' lang='lat' dir='ltr'><strong>axillaribus</strong></span> <span class='ocrx_word' id='word_1_19' title='bbox 1272 735 1811 816; x_wconf 88' lang='lat' dir='ltr'><strong>terminalibusque</strong></span> <span class='ocrx_word' id='word_1_20' title='bbox 1827 782 1845 813; x_wconf 90' lang='lat'><em>‚</em></span> <span class='ocrx_word' id='word_1_21' title='bbox 1898 738 2159 800; x_wconf 76' lang='lat' dir='ltr'><strong>bracteis</strong></span> <span class='ocrx_word' id='word_1_22' title='bbox 2188 738 2555 800; x_wconf 86' lang='lat' dir='ltr'><strong>subrenifor-</strong></span> 
     </span>
     <span class='ocr_line' id='line_1_5' title="bbox 415 832 1893 914; baseline 0.004 -20"><span class='ocrx_word' id='word_1_23' title='bbox 415 835 645 910; x_wconf 87' lang='lat' dir='ltr'><strong>mibus‚</strong></span> <span class='ocrx_word' id='word_1_24' title='bbox 685 835 886 894; x_wconf 83' lang='lat' dir='ltr'><strong>baccis</strong></span> <span class='ocrx_word' id='word_1_25' title='bbox 923 834 1189 894; x_wconf 80' lang='lat' dir='ltr'><strong>ovoideis</strong></span> <span class='ocrx_word' id='word_1_26' title='bbox 1231 832 1563 914; x_wconf 82' lang='lat' dir='ltr'><strong>globosisve</strong></span> <span class='ocrx_word' id='word_1_27' title='bbox 1604 838 1893 900; x_wconf 86' lang='lat' dir='ltr'><strong>laevibus.</strong></span> 
     </span>
    </p>
   </div>
   <div class='ocr_carea' id='block_1_4' title="bbox 491 957 1712 1033">
    <p class='ocr_par' dir='ltr' id='par_1_4' title="bbox 491 957 1712 1033">
     <span class='ocr_line' id='line_1_6' title="bbox 491 957 1712 1033; baseline 0.003 -21"><span class='ocrx_word' id='word_1_28' title='bbox 491 964 651 1015; x_wconf 89' lang='lat' dir='ltr'><strong>lcon.</strong></span> <span class='ocrx_word' id='word_1_29' title='bbox 682 962 966 1013; x_wconf 89' lang='lat' dir='ltr'><strong>Comment.</strong></span> <span class='ocrx_word' id='word_1_30' title='bbox 994 957 1231 1032; x_wconf 75' lang='lat' dir='ltr'><strong>phytogr.</strong></span> <span class='ocrx_word' id='word_1_31' title='bbox 1263 958 1385 1015; x_wconf 88' lang='lat' dir='ltr'><strong>Tab.</strong></span> <span class='ocrx_word' id='word_1_32' title='bbox 1416 964 1501 1015; x_wconf 80' lang='lat' dir='ltr'><strong>vl.</strong></span> <span class='ocrx_word' id='word_1_33' title='bbox 1534 959 1626 1033; x_wconf 84' lang='lat' dir='ltr'><strong>fig.</strong></span> <span class='ocrx_word' id='word_1_34' title='bbox 1655 964 1712 1016; x_wconf 90' lang='grc' dir='ltr'><strong>Β.</strong></span> 
     </span>
    </p>
   </div>
   <div class='ocr_carea' id='block_1_5' title="bbox 506 1075 2572 1153">
    <p class='ocr_par' dir='ltr' id='par_1_5' title="bbox 506 1075 2572 1153">
     <span class='ocr_line' id='line_1_7' title="bbox 506 1075 2572 1153; baseline 0.004 -20"><span class='ocrx_word' id='word_1_35' title='bbox 506 1075 831 1133; x_wconf 82' lang='lat' dir='ltr'><strong>Habitat</strong></span> <span class='ocrx_word' id='word_1_36' title='bbox 884 1075 950 1134; x_wconf 92' lang='lat' dir='ltr'><strong>iu</strong></span> <span class='ocrx_word' id='word_1_37' title='bbox 999 1075 1347 1153; x_wconf 78' lang='lat' dir='ltr'><strong>regionibus</strong></span> <span class='ocrx_word' id='word_1_38' title='bbox 1397 1075 1713 1134; x_wconf 73' lang='lat' dir='ltr'><strong>altioribus</strong></span> <span class='ocrx_word' id='word_1_39' title='bbox 1761 1077 2057 1137; x_wconf 91' lang='lat' dir='ltr'><strong>montium</strong></span> <span class='ocrx_word' id='word_1_40' title='bbox 2090 1076 2266 1136; x_wconf 87' lang='lat' dir='ltr'><strong>Salak</strong></span> <span class='ocrx_word' id='word_1_41' title='bbox 2302 1086 2365 1137; x_wconf 91' lang='lat' dir='ltr'><strong>et</strong></span> <span class='ocrx_word' id='word_1_42' title='bbox 2396 1080 2572 1141; x_wconf 70' lang='lat' dir='ltr'><strong>Gede.</strong></span> 
     </span>
    </p>
   </div>
   <div class='ocr_carea' id='block_1_6' title="bbox 422 1177 2555 1360">
    <p class='ocr_par' dir='ltr' id='par_1_6' title="bbox 422 1177 2555 1360">
     <span class='ocr_line' id='line_1_8' title="bbox 422 1177 2555 1256; baseline 0.003 -18"><span class='ocrx_word' id='word_1_43' title='bbox 422 1179 568 1238; x_wconf 86' lang='lat' dir='ltr'><strong>Java</strong></span> <span class='ocrx_word' id='word_1_44' title='bbox 615 1178 881 1251; x_wconf 88' lang='lat' dir='ltr'><strong>insulae,</strong></span> <span class='ocrx_word' id='word_1_45' title='bbox 940 1198 1120 1256; x_wconf 89' lang='lat' dir='ltr'><strong>super</strong></span> <span class='ocrx_word' id='word_1_46' title='bbox 1174 1185 1419 1238; x_wconf 88' lang='lat' dir='ltr'><strong>truncos</strong></span> <span class='ocrx_word' id='word_1_47' title='bbox 1480 1177 1752 1255; x_wconf 85' lang='lat' dir='ltr'><strong>putridos</strong></span> <span class='ocrx_word' id='word_1_48' title='bbox 1793 1186 1854 1238; x_wconf 82' lang='lat' dir='ltr'><strong>et</strong></span> <span class='ocrx_word' id='word_1_49' title='bbox 1894 1179 2054 1240; x_wconf 82' lang='lat' dir='ltr'><strong>inter</strong></span> <span class='ocrx_word' id='word_1_50' title='bbox 2093 1199 2230 1240; x_wconf 83' lang='lat' dir='ltr'><strong>saxa</strong></span> <span class='ocrx_word' id='word_1_51' title='bbox 2275 1180 2555 1244; x_wconf 86' lang='lat' dir='ltr'><strong>basaltica</strong></span> 
     </span>
     <span class='ocr_line' id='line_1_9' title="bbox 423 1279 1855 1360; baseline 0.001 -21"><span class='ocrx_word' id='word_1_52' title='bbox 423 1281 692 1360; x_wconf 75' lang='lat' dir='ltr'><strong>(Blumel</strong></span> <span class='ocrx_word' id='word_1_53' title='bbox 732 1281 777 1343; x_wconf 89' lang='lat' dir='ltr'><strong>l.</strong></span> <span class='ocrx_word' id='word_1_54' title='bbox 811 1300 867 1340; x_wconf 90' lang='lat' dir='ltr'><strong>c.</strong></span> <span class='ocrx_word' id='word_1_55' title='bbox 898 1288 961 1340; x_wconf 86' lang='lat' dir='ltr'><strong>et</strong></span> <span class='ocrx_word' id='word_1_56' title='bbox 988 1281 1052 1338; x_wconf 89' lang='lat' dir='ltr'><strong>in</strong></span> <span class='ocrx_word' id='word_1_57' title='bbox 1094 1279 1271 1340; x_wconf 84' lang='lat' dir='ltr'><strong>Herb.</strong></span> <span class='ocrx_word' id='word_1_58' title='bbox 1309 1298 1435 1356; x_wconf 81' lang='lat' dir='ltr'><strong>reg.</strong></span> <span class='ocrx_word' id='word_1_59' title='bbox 1478 1279 1670 1357; x_wconf 82' lang='lat' dir='ltr'><strong>Lugd.</strong></span> <span class='ocrx_word' id='word_1_60' title='bbox 1702 1280 1855 1359; x_wconf 90' lang='lat' dir='ltr'><strong>Bat.)</strong></span> 
     </span>
    </p>
   </div>
   <div class='ocr_carea' id='block_1_7' title="bbox 423 1401 2585 3148">
    <p class='ocr_par' dir='ltr' id='par_1_7' title="bbox 423 1401 2585 3148">
     <span class='ocr_line' id='line_1_10' title="bbox 491 1401 2566 1480; baseline 0.002 -23"><span class='ocrx_word' id='word_1_61' title='bbox 491 1402 856 1458; x_wconf 85' lang='lat' dir='ltr'><strong>Suffruticulus</strong></span> <span class='ocrx_word' id='word_1_62' title='bbox 879 1421 1109 1456; x_wconf 87' lang='lat' dir='ltr'><strong>carnosus</strong></span> <span class='ocrx_word' id='word_1_63' title='bbox 1131 1401 1450 1456; x_wconf 84' lang='lat' dir='ltr'><strong>succulentus</strong></span> <span class='ocrx_word' id='word_1_64' title='bbox 1482 1402 1775 1470; x_wconf 83' lang='lat' dir='ltr'><strong>herbaceus,</strong></span> <span class='ocrx_word' id='word_1_65' title='bbox 1803 1404 1886 1462; x_wconf 82' lang='lat' dir='ltr'><strong>vix</strong></span> <span class='ocrx_word' id='word_1_66' title='bbox 1906 1405 2122 1478; x_wconf 66' lang='lat' dir='ltr'><strong>pedalise</strong></span> <span class='ocrx_word' id='word_1_67' title='bbox 2153 1406 2347 1461; x_wconf 80' lang='lat' dir='ltr'><strong>inferne</strong></span> <span class='ocrx_word' id='word_1_68' title='bbox 2370 1425 2566 1480; x_wconf 79' lang='lat' dir='ltr'><strong>repens,</strong></span> 
     </span>
     <span class='ocr_line' id='line_1_11' title="bbox 427 1487 2574 1568; baseline 0.001 -21"><span class='ocrx_word' id='word_1_69' title='bbox 427 1502 644 1557; x_wconf 79' lang='lat' dir='ltr'><strong>erectu8‚</strong></span> <span class='ocrx_word' id='word_1_70' title='bbox 674 1489 1080 1564; x_wconf 76' lang='lat' dir='ltr'><strong>paucirainosu3‚</strong></span> <span class='ocrx_word' id='word_1_71' title='bbox 1107 1487 1296 1542; x_wconf 75' lang='lat' dir='ltr'><strong>inferne</strong></span> <span class='ocrx_word' id='word_1_72' title='bbox 1323 1488 1591 1557; x_wconf 87' lang='lat' dir='ltr'><strong>violaceus.,</strong></span> <span class='ocrx_word' id='word_1_73' title='bbox 1624 1492 1806 1544; x_wconf 91' lang='lat' dir='ltr'><strong>ramis</strong></span> <span class='ocrx_word' id='word_1_74' title='bbox 1839 1491 2072 1561; x_wconf 68' lang='lat' dir='ltr'><strong>alternisg</strong></span> <span class='ocrx_word' id='word_1_75' title='bbox 2095 1493 2375 1548; x_wconf 85' lang='lat' dir='ltr'><strong>internodia</strong></span> <span class='ocrx_word' id='word_1_76' title='bbox 2397 1514 2574 1568; x_wconf 86' lang='lat' dir='ltr'><strong>aequa-</strong></span> 
     </span>
     <span class='ocr_line' id='line_1_12' title="bbox 425 1576 2564 1653; baseline 0 -19"><span class='ocrx_word' id='word_1_77' title='bbox 425 1579 519 1648; x_wconf 82' lang='lat' dir='ltr'><strong>lia,</strong></span> <span class='ocrx_word' id='word_1_78' title='bbox 571 1580 652 1633; x_wconf 86' lang='lat' dir='ltr'><strong>vix</strong></span> <span class='ocrx_word' id='word_1_79' title='bbox 683 1577 825 1631; x_wconf 90' lang='lat' dir='ltr'><strong>nodis</strong></span> <span class='ocrx_word' id='word_1_80' title='bbox 856 1586 1094 1650; x_wconf 83' lang='lat' dir='ltr'><strong>separata.</strong></span> <span class='ocrx_word' id='word_1_81' title='bbox 1168 1576 1340 1630; x_wconf 89' lang='lat' dir='ltr'><strong>Folia</strong></span> <span class='ocrx_word' id='word_1_82' title='bbox 1376 1576 1673 1631; x_wconf 84' lang='lat' dir='ltr'><strong>inferiora</strong></span> <span class='ocrx_word' id='word_1_83' title='bbox 1712 1577 1932 1645; x_wconf 83' lang='lat' dir='ltr'><strong>alterna,</strong></span> <span class='ocrx_word' id='word_1_84' title='bbox 1978 1578 2291 1652; x_wconf 89' lang='lat' dir='ltr'><strong>longiuscule</strong></span> <span class='ocrx_word' id='word_1_85' title='bbox 2323 1580 2564 1653; x_wconf 72' lang='lat' dir='ltr'><strong>petiolata</strong></span> 
     </span>
     <span class='ocr_line' id='line_1_13' title="bbox 423 1663 2573 1741; baseline 0 -20"><span class='ocrx_word' id='word_1_86' title='bbox 423 1667 705 1723; x_wconf 85' lang='lat' dir='ltr'><strong>orbiculata</strong></span> <span class='ocrx_word' id='word_1_87' title='bbox 733 1676 824 1718; x_wconf 87' lang='lat' dir='ltr'><strong>aut</strong></span> <span class='ocrx_word' id='word_1_88' title='bbox 853 1663 1395 1737; x_wconf 85' lang='lat' dir='ltr'><strong>anguloso-orbiculata</strong></span> <span class='ocrx_word' id='word_1_89' title='bbox 1409 1704 1425 1731; x_wconf 87' lang='lat'>‚</span> <span class='ocrx_word' id='word_1_90' title='bbox 1450 1665 1654 1737; x_wconf 85' lang='lat' dir='ltr'><strong>&#39;petiolis</strong></span> <span class='ocrx_word' id='word_1_91' title='bbox 1684 1665 1768 1720; x_wconf 86' lang='lat' dir='ltr'><strong>vix</strong></span> <span class='ocrx_word' id='word_1_92' title='bbox 1800 1666 2048 1738; x_wconf 84' lang='lat' dir='ltr'><strong>longiora,</strong></span> <span class='ocrx_word' id='word_1_93' title='bbox 2079 1667 2408 1741; x_wconf 80' lang='lat' dir='ltr'><strong>glaberrima‚</strong></span> <span class='ocrx_word' id='word_1_94' title='bbox 2444 1668 2573 1722; x_wconf 88' lang='lat' dir='ltr'><strong>sicca</strong></span> 
     </span>
     <span class='ocr_line' id='line_1_14' title="bbox 429 1752 2573 1829; baseline 0 -19"><span class='ocrx_word' id='word_1_95' title='bbox 429 1754 814 1810; x_wconf 85' lang='lat' dir='ltr'><strong>membranacea</strong></span> <span class='ocrx_word' id='word_1_96' title='bbox 829 1790 847 1820; x_wconf 87' lang='lat'>,</span> <span class='ocrx_word' id='word_1_97' title='bbox 894 1772 1044 1825; x_wconf 89' lang='lat' dir='ltr'><strong>supra</strong></span> <span class='ocrx_word' id='word_1_98' title='bbox 1083 1752 1246 1806; x_wconf 86' lang='lat' dir='ltr'><strong>nitida</strong></span> <span class='ocrx_word' id='word_1_99' title='bbox 1287 1753 1493 1818; x_wconf 87' lang='lat' dir='ltr'><strong>viridia,</strong></span> <span class='ocrx_word' id='word_1_100' title='bbox 1543 1753 1725 1808; x_wconf 81' lang='lat' dir='ltr'><strong>subtus</strong></span> <span class='ocrx_word' id='word_1_101' title='bbox 1753 1753 2053 1824; x_wconf 70' lang='lat' dir='ltr'><strong>albicantiat,</strong></span> <span class='ocrx_word' id='word_1_102' title='bbox 2101 1774 2277 1829; x_wconf 89' lang='lat' dir='ltr'><strong>margo</strong></span> <span class='ocrx_word' id='word_1_103' title='bbox 2323 1755 2388 1810; x_wconf 88' lang='lat' dir='ltr'><strong>ad</strong></span> <span class='ocrx_word' id='word_1_104' title='bbox 2432 1755 2573 1810; x_wconf 84' lang='lat' dir='ltr'><strong>basin</strong></span> 
     </span>
     <span class='ocr_line' id='line_1_15' title="bbox 430 1839 2576 1918; baseline -0 -20"><span class='ocrx_word' id='word_1_105' title='bbox 430 1843 684 1918; x_wconf 83' lang='lat' dir='ltr'><strong>paulisper</strong></span> <span class='ocrx_word' id='word_1_106' title='bbox 706 1839 940 1894; x_wconf 78' lang='lat' dir='ltr'><strong>deflexus·</strong></span> <span class='ocrx_word' id='word_1_107' title='bbox 1005 1841 1329 1912; x_wconf 86' lang='lat' dir='ltr'><strong>Superiora</strong></span> <span class='ocrx_word' id='word_1_108' title='bbox 1361 1839 1526 1893; x_wconf 85' lang='lat' dir='ltr'><strong>multo</strong></span> <span class='ocrx_word' id='word_1_109' title='bbox 1557 1843 1775 1913; x_wconf 70' lang='lat' dir='ltr'><strong>majora.</strong></span> <span class='ocrx_word' id='word_1_110' title='bbox 1803 1841 2000 1896; x_wconf 89' lang='lat' dir='ltr'><strong>alterna</strong></span> <span class='ocrx_word' id='word_1_111' title='bbox 2020 1841 2099 1895; x_wconf 84' lang='lat' dir='ltr'><strong>vel</strong></span> <span class='ocrx_word' id='word_1_112' title='bbox 2121 1843 2307 1914; x_wconf 89' lang='lat' dir='ltr'><strong>passim</strong></span> <span class='ocrx_word' id='word_1_113' title='bbox 2328 1844 2576 1916; x_wconf 83' lang='lat' dir='ltr'><strong>opposita,</strong></span> 
     </span>
     <span class='ocr_line' id='line_1_16' title="bbox 430 1927 2572 2005; baseline 0 -20"><span class='ocrx_word' id='word_1_114' title='bbox 430 1930 635 2005; x_wconf 87' lang='lat' dir='ltr'><strong>petiolos</strong></span> <span class='ocrx_word' id='word_1_115' title='bbox 666 1928 742 1983; x_wconf 91' lang='lat' dir='ltr'><strong>bis</strong></span> <span class='ocrx_word' id='word_1_116' title='bbox 772 1937 911 1982; x_wconf 86' lang='lat' dir='ltr'><strong>terve</strong></span> <span class='ocrx_word' id='word_1_117' title='bbox 939 1928 1224 2000; x_wconf 83' lang='lat' dir='ltr'><strong>superantia</strong></span> <span class='ocrx_word' id='word_1_118' title='bbox 1252 1927 1412 1982; x_wconf 89' lang='lat' dir='ltr'><strong>ovalia</strong></span> <span class='ocrx_word' id='word_1_119' title='bbox 1442 1938 1669 1997; x_wconf 85' lang='lat' dir='ltr'><strong>ovatave‚</strong></span> <span class='ocrx_word' id='word_1_120' title='bbox 1717 1929 1961 2003; x_wconf 85' lang='lat' dir='ltr'><strong>utrinque</strong></span> <span class='ocrx_word' id='word_1_121' title='bbox 1997 1930 2201 1994; x_wconf 83' lang='lat' dir='ltr'><strong>obtusa..</strong></span> <span class='ocrx_word' id='word_1_122' title='bbox 2244 1931 2470 2003; x_wconf 87' lang='lat' dir='ltr'><strong>ejusdem</strong></span> <span class='ocrx_word' id='word_1_123' title='bbox 2513 1950 2572 1986; x_wconf 88' lang='lat' dir='ltr'><strong>ac</strong></span> 
     </span>
     <span class='ocr_line' id='line_1_17' title="bbox 429 2015 2575 2089; baseline -0.001 -14"><span class='ocrx_word' id='word_1_124' title='bbox 429 2018 666 2075; x_wconf 83' lang='lat' dir='ltr'><strong>inferiora</strong></span> <span class='ocrx_word' id='word_1_125' title='bbox 696 2016 874 2070; x_wconf 88' lang='lat' dir='ltr'><strong>coloris</strong></span> <span class='ocrx_word' id='word_1_126' title='bbox 901 2025 955 2069; x_wconf 90' lang='lat' dir='ltr'><strong>et</strong></span> <span class='ocrx_word' id='word_1_127' title='bbox 981 2015 1260 2089; x_wconf 75' lang='lat' dir='ltr'><strong>compagiS‚</strong></span> <span class='ocrx_word' id='word_1_128' title='bbox 1309 2015 1482 2068; x_wconf 88' lang='lat' dir='ltr'><strong>omnia</strong></span> <span class='ocrx_word' id='word_1_129' title='bbox 1516 2015 1760 2069; x_wconf 86' lang='lat' dir='ltr'><strong>trinervia</strong></span> <span class='ocrx_word' id='word_1_130' title='bbox 1792 2035 1944 2071; x_wconf 90' lang='lat' dir='ltr'><strong>nervo</strong></span> <span class='ocrx_word' id='word_1_131' title='bbox 1979 2018 2144 2073; x_wconf 89' lang='lat' dir='ltr'><strong>medio</strong></span> <span class='ocrx_word' id='word_1_132' title='bbox 2179 2017 2407 2086; x_wconf 81' lang='lat' dir='ltr'><strong>fortiore,</strong></span> <span class='ocrx_word' id='word_1_133' title='bbox 2451 2018 2575 2073; x_wconf 85' lang='lat' dir='ltr'><strong>late·</strong></span> 
     </span>
     <span class='ocr_line' id='line_1_18' title="bbox 431 2103 2575 2171; baseline -0.001 -8"><span class='ocrx_word' id='word_1_134' title='bbox 431 2107 623 2163; x_wconf 71' lang='lat' dir='ltr'><strong>talibus</strong></span> <span class='ocrx_word' id='word_1_135' title='bbox 649 2104 964 2159; x_wconf 81' lang='lat' dir='ltr'><strong>tenuioribus</strong></span> <span class='ocrx_word' id='word_1_136' title='bbox 991 2103 1328 2171; x_wconf 86' lang='lat' dir='ltr'><strong>brevioribus,</strong></span> <span class='ocrx_word' id='word_1_137' title='bbox 1358 2114 1410 2158; x_wconf 87' lang='lat' dir='ltr'><strong>et</strong></span> <span class='ocrx_word' id='word_1_138' title='bbox 1440 2114 1499 2157; x_wconf 87' lang='lat' dir='ltr'><strong>ut</strong></span> <span class='ocrx_word' id='word_1_139' title='bbox 1531 2123 1584 2160; x_wconf 89' lang='lat' dir='ltr'><strong>n.</strong></span> <span class='ocrx_word' id='word_1_140' title='bbox 1621 2104 1817 2158; x_wconf 87' lang='lat' dir='ltr'><strong>medius</strong></span> <span class='ocrx_word' id='word_1_141' title='bbox 1843 2104 2075 2160; x_wconf 87' lang='lat' dir='ltr'><strong>laterales</strong></span> <span class='ocrx_word' id='word_1_142' title='bbox 2104 2106 2309 2161; x_wconf 86' lang='lat' dir='ltr'><strong>venulas</strong></span> <span class='ocrx_word' id='word_1_143' title='bbox 2338 2110 2575 2162; x_wconf 76' lang='lat' dir='ltr'><strong>emitten-</strong></span> 
     </span>
     <span class='ocr_line' id='line_1_19' title="bbox 432 2191 2577 2266; baseline 0 -16"><span class='ocrx_word' id='word_1_144' title='bbox 432 2195 597 2262; x_wconf 84' lang='lat' dir='ltr'><strong>tibus,</strong></span> <span class='ocrx_word' id='word_1_145' title='bbox 644 2213 881 2249; x_wconf 82' lang='lat' dir='ltr'><strong>venosum</strong></span> <span class='ocrx_word' id='word_1_146' title='bbox 930 2203 1035 2247; x_wconf 87' lang='lat' dir='ltr'><strong>rete</strong></span> <span class='ocrx_word' id='word_1_147' title='bbox 1068 2193 1121 2245; x_wconf 90' lang='lat' dir='ltr'><strong>in</strong></span> <span class='ocrx_word' id='word_1_148' title='bbox 1154 2191 1340 2266; x_wconf 83' lang='lat' dir='ltr'><strong>pagina</strong></span> <span class='ocrx_word' id='word_1_149' title='bbox 1378 2191 1473 2247; x_wconf 84' lang='lat' dir='ltr'><strong>inf.</strong></span> <span class='ocrx_word' id='word_1_150' title='bbox 1503 2192 1834 2264; x_wconf 89' lang='lat' dir='ltr'><strong>conspicuum</strong></span> <span class='ocrx_word' id='word_1_151' title='bbox 1866 2191 2203 2249; x_wconf 83' lang='lat' dir='ltr'><strong>efformantes.</strong></span> <span class='ocrx_word' id='word_1_152' title='bbox 2277 2195 2577 2250; x_wconf 77' lang='lat' dir='ltr'><strong>inferiora</strong></span> 
     </span>
     <span class='ocr_line' id='line_1_20' title="bbox 432 2280 2576 2355; baseline -0 -16"><span class='ocrx_word' id='word_1_153' title='bbox 432 2285 626 2339; x_wconf 80' lang='lat' dir='ltr'><strong>circiter</strong></span> <span class='ocrx_word' id='word_1_154' title='bbox 656 2287 730 2348; x_wconf 67' lang='lat'><strong>1}</strong></span> <span class='ocrx_word' id='word_1_155' title='bbox 758 2291 887 2336; x_wconf 86' lang='lat' dir='ltr'><strong>cent.</strong></span> <span class='ocrx_word' id='word_1_156' title='bbox 916 2281 1095 2353; x_wconf 87' lang='lat' dir='ltr'><strong>longa,</strong></span> <span class='ocrx_word' id='word_1_157' title='bbox 1140 2299 1424 2353; x_wconf 87' lang='lat' dir='ltr'><strong>suprema</strong></span> <span class='ocrx_word' id='word_1_158' title='bbox 1459 2285 1492 2334; x_wconf 78' lang='lat'>4</span> <span class='ocrx_word' id='word_1_159' title='bbox 1531 2280 1683 2353; x_wconf 88' lang='lat' dir='ltr'><strong>longa</strong></span> <span class='ocrx_word' id='word_1_160' title='bbox 1718 2291 1771 2334; x_wconf 90' lang='lat' dir='ltr'><strong>et</strong></span> <span class='ocrx_word' id='word_1_161' title='bbox 1800 2285 1834 2334; x_wconf 82' lang='lat'>2</span> <span class='ocrx_word' id='word_1_162' title='bbox 1875 2280 2009 2350; x_wconf 81' lang='lat' dir='ltr'><strong>lata3</strong></span> <span class='ocrx_word' id='word_1_163' title='bbox 2053 2282 2327 2355; x_wconf 86' lang='lat' dir='ltr'><strong>petiolus</strong></span> <span class='ocrx_word' id='word_1_164' title='bbox 2369 2289 2400 2338; x_wconf 92' lang='lat'>1</span> <span class='ocrx_word' id='word_1_165' title='bbox 2442 2294 2576 2338; x_wconf 85' lang='lat' dir='ltr'><strong>cent.</strong></span> 
     </span>
     <span class='ocr_line' id='line_1_21' title="bbox 434 2367 2573 2444; baseline 0 -19"><span class='ocrx_word' id='word_1_166' title='bbox 434 2373 642 2444; x_wconf 60' lang='lat' dir='ltr'><strong>longasi,</strong></span> <span class='ocrx_word' id='word_1_167' title='bbox 682 2368 1048 2424; x_wconf 85' lang='lat' dir='ltr'><strong>canaliculatus</strong></span> <span class='ocrx_word' id='word_1_168' title='bbox 1073 2368 1344 2424; x_wconf 79' lang='lat' dir='ltr'><strong>semitereS.</strong></span> <span class='ocrx_word' id='word_1_169' title='bbox 1418 2373 1674 2422; x_wconf 84' lang='lat' dir='ltr'><strong>Amenta</strong></span> <span class='ocrx_word' id='word_1_170' title='bbox 1704 2367 1759 2421; x_wconf 92' lang='lat' dir='ltr'><strong>in</strong></span> <span class='ocrx_word' id='word_1_171' title='bbox 1794 2368 2003 2422; x_wconf 85' lang='lat' dir='ltr'><strong>ramulis</strong></span> <span class='ocrx_word' id='word_1_172' title='bbox 2032 2369 2256 2423; x_wconf 87' lang='lat' dir='ltr'><strong>axillaria</strong></span> <span class='ocrx_word' id='word_1_173' title='bbox 2287 2369 2363 2422; x_wconf 84' lang='lat' dir='ltr'><strong>vel</strong></span> <span class='ocrx_word' id='word_1_174' title='bbox 2396 2371 2573 2425; x_wconf 86' lang='lat' dir='ltr'><strong>termi-</strong></span> 
     </span>
     <span class='ocr_line' id='line_1_22' title="bbox 436 2454 2575 2531; baseline 0 -20"><span class='ocrx_word' id='word_1_175' title='bbox 436 2457 602 2524; x_wconf 83' lang='lat' dir='ltr'><strong>nalia,</strong></span> <span class='ocrx_word' id='word_1_176' title='bbox 632 2457 877 2521; x_wconf 80' lang='lat' dir='ltr'><strong>solitaria,</strong></span> <span class='ocrx_word' id='word_1_177' title='bbox 913 2457 1112 2531; x_wconf 85' lang='lat' dir='ltr'><strong>gemina</strong></span> <span class='ocrx_word' id='word_1_178' title='bbox 1143 2455 1218 2510; x_wconf 82' lang='lat' dir='ltr'><strong>vel</strong></span> <span class='ocrx_word' id='word_1_179' title='bbox 1247 2466 1417 2523; x_wconf 81' lang='lat' dir='ltr'><strong>terna,</strong></span> <span class='ocrx_word' id='word_1_180' title='bbox 1447 2454 1786 2528; x_wconf 81' lang='lat' dir='ltr'><strong>pedunculata</strong></span> <span class='ocrx_word' id='word_1_181' title='bbox 1817 2455 2209 2528; x_wconf 84' lang='lat' dir='ltr'><strong>(pedunculis</strong></span> <span class='ocrx_word' id='word_1_182' title='bbox 2236 2456 2444 2528; x_wconf 76' lang='lat' dir='ltr'><strong>petiolas</strong></span> <span class='ocrx_word' id='word_1_183' title='bbox 2471 2457 2575 2512; x_wconf 81' lang='lat' dir='ltr'><strong>fere</strong></span> 
     </span>
     <span class='ocr_line' id='line_1_23' title="bbox 434 2540 2575 2621; baseline -0.002 -20"><span class='ocrx_word' id='word_1_184' title='bbox 434 2544 791 2621; x_wconf 80' lang='lat' dir='ltr'><strong>aequantibus,</strong></span> <span class='ocrx_word' id='word_1_185' title='bbox 821 2545 1034 2615; x_wconf 89' lang='lat' dir='ltr'><strong>striatis)</strong></span> <span class='ocrx_word' id='word_1_186' title='bbox 1068 2548 1207 2598; x_wconf 80' lang='grc'><strong>3-4</strong></span> <span class='ocrx_word' id='word_1_187' title='bbox 1241 2553 1376 2600; x_wconf 86' lang='lat' dir='ltr'><strong>cent.</strong></span> <span class='ocrx_word' id='word_1_188' title='bbox 1406 2542 1586 2617; x_wconf 81' lang='lat' dir='ltr'><strong>longa,</strong></span> <span class='ocrx_word' id='word_1_189' title='bbox 1635 2540 1973 2617; x_wconf 81' lang='lat' dir='ltr'><strong>cylindracca‚</strong></span> <span class='ocrx_word' id='word_1_190' title='bbox 2026 2541 2369 2611; x_wconf 83' lang='lat' dir='ltr'><strong>subflexuosa‚</strong></span> <span class='ocrx_word' id='word_1_191' title='bbox 2401 2542 2575 2599; x_wconf 84' lang='lat' dir='ltr'><strong>rhachi</strong></span> 
     </span>
     <span class='ocr_line' id='line_1_24' title="bbox 439 2629 2579 2712; baseline -0.001 -24"><span class='ocrx_word' id='word_1_192' title='bbox 439 2634 537 2712; x_wconf 80' lang='lat' dir='ltr'><strong>sub</strong></span> <span class='ocrx_word' id='word_1_193' title='bbox 560 2634 698 2688; x_wconf 85' lang='lat' dir='ltr'><strong>lente</strong></span> <span class='ocrx_word' id='word_1_194' title='bbox 722 2632 1356 2707; x_wconf 83' lang='lat' dir='ltr'><strong>glanduloso-puuctulata.</strong></span> <span class='ocrx_word' id='word_1_195' title='bbox 1430 2636 1574 2684; x_wconf 91' lang='lat' dir='ltr'><strong>Brac</strong></span> <span class='ocrx_word' id='word_1_196' title='bbox 1584 2640 1680 2683; x_wconf 89' lang='lat' dir='ltr'><strong>tea</strong></span> <span class='ocrx_word' id='word_1_197' title='bbox 1710 2629 1995 2684; x_wconf 83' lang='lat' dir='ltr'><strong>reniformis</strong></span> <span class='ocrx_word' id='word_1_198' title='bbox 2020 2630 2313 2703; x_wconf 68' lang='lat' dir='ltr'><strong>persistam,</strong></span> <span class='ocrx_word' id='word_1_199' title='bbox 2354 2633 2579 2705; x_wconf 79' lang='lat' dir='ltr'><strong>margine</strong></span> 
     </span>
     <span class='ocr_line' id='line_1_25' title="bbox 439 2716 2585 2796; baseline 0 -21"><span class='ocrx_word' id='word_1_200' title='bbox 439 2721 1046 2796; x_wconf 61' lang='lat' dir='ltr'><strong>glandulosffcarmosino.</strong></span> <span class='ocrx_word' id='word_1_201' title='bbox 1116 2720 1393 2773; x_wconf 89' lang='lat' dir='ltr'><strong>Stamina</strong></span> <span class='ocrx_word' id='word_1_202' title='bbox 1438 2721 1510 2771; x_wconf 81' lang='lat'><strong>2?</strong></span> <span class='ocrx_word' id='word_1_203' title='bbox 1566 2716 1983 2771; x_wconf 87' lang='lat' dir='ltr'><strong>Filamentum</strong></span> <span class='ocrx_word' id='word_1_204' title='bbox 2030 2716 2398 2774; x_wconf 86' lang='lat' dir='ltr'><strong>brevissimum.</strong></span> <span class='ocrx_word' id='word_1_205' title='bbox 2472 2722 2585 2775; x_wconf 78' lang='lat' dir='ltr'><strong>An·</strong></span> 
     </span>
     <span class='ocr_line' id='line_1_26' title="bbox 437 2801 2577 2882; baseline -0.001 -18"><span class='ocrx_word' id='word_1_206' title='bbox 437 2810 616 2866; x_wconf 85' lang='lat' dir='ltr'><strong>thera</strong></span> <span class='ocrx_word' id='word_1_207' title='bbox 645 2807 845 2882; x_wconf 89' lang='lat' dir='ltr'><strong>globosa</strong></span> <span class='ocrx_word' id='word_1_208' title='bbox 866 2805 1171 2861; x_wconf 88' lang='lat' dir='ltr'><strong>bilocularis.</strong></span> <span class='ocrx_word' id='word_1_209' title='bbox 1216 2808 1340 2858; x_wconf 84' lang='lat' dir='ltr'><strong>Ova</strong></span> <span class='ocrx_word' id='word_1_210' title='bbox 1350 2804 1510 2856; x_wconf 90' lang='lat' dir='ltr'><strong>rium</strong></span> <span class='ocrx_word' id='word_1_211' title='bbox 1536 2801 1796 2857; x_wconf 82' lang='lat' dir='ltr'><strong>ovoideum</strong></span> <span class='ocrx_word' id='word_1_212' title='bbox 1816 2801 1979 2856; x_wconf 81' lang='lat' dir='ltr'><strong>foveae</strong></span> <span class='ocrx_word' id='word_1_213' title='bbox 2000 2803 2236 2859; x_wconf 87' lang='lat' dir='ltr'><strong>rhacheos</strong></span> <span class='ocrx_word' id='word_1_214' title='bbox 2261 2805 2577 2862; x_wconf 85' lang='lat' dir='ltr'><strong>immersum.</strong></span> 
     </span>
     <span class='ocr_line' id='line_1_27' title="bbox 436 2887 2579 2972; baseline -0.003 -21"><span class='ocrx_word' id='word_1_215' title='bbox 436 2891 634 2972; x_wconf 79' lang='lat' dir='ltr'><strong>stigma</strong></span> <span class='ocrx_word' id='word_1_216' title='bbox 673 2893 1090 2969; x_wconf 84' lang='lat' dir='ltr'><strong>punctiforme</strong></span> <span class='ocrx_word' id='word_1_217' title='bbox 1131 2893 1186 2945; x_wconf 92' lang='lat' dir='ltr'><strong>in</strong></span> <span class='ocrx_word' id='word_1_218' title='bbox 1223 2891 1388 2963; x_wconf 73' lang='lat' dir='ltr'><strong>apice,</strong></span> <span class='ocrx_word' id='word_1_219' title='bbox 1430 2889 1725 2944; x_wconf 86' lang='lat' dir='ltr'><strong>tenuissime</strong></span> <span class='ocrx_word' id='word_1_220' title='bbox 1764 2887 2137 2960; x_wconf 87' lang='lat' dir='ltr'><strong>penicillatum.</strong></span> <span class='ocrx_word' id='word_1_221' title='bbox 2211 2895 2433 2947; x_wconf 88' lang='lat' dir='ltr'><strong>Baccae</strong></span> <span class='ocrx_word' id='word_1_222' title='bbox 2476 2914 2579 2949; x_wconf 86' lang='lat' dir='ltr'><strong>non</strong></span> 
     </span>
     <span class='ocr_line' id='line_1_28' title="bbox 440 2975 2578 3057; baseline -0.001 -17"><span class='ocrx_word' id='word_1_223' title='bbox 440 2985 585 3040; x_wconf 83' lang='lat' dir='ltr'><strong>valde</strong></span> <span class='ocrx_word' id='word_1_224' title='bbox 613 2993 832 3040; x_wconf 87' lang='lat' dir='ltr'><strong>remotae</strong></span> <span class='ocrx_word' id='word_1_225' title='bbox 857 2981 1084 3057; x_wconf 82' lang='lat' dir='ltr'><strong>globosae</strong></span> <span class='ocrx_word' id='word_1_226' title='bbox 1121 2980 1200 3034; x_wconf 89' lang='lat' dir='ltr'><strong>vel</strong></span> <span class='ocrx_word' id='word_1_227' title='bbox 1230 2977 1473 3034; x_wconf 88' lang='lat' dir='ltr'><strong>ovoideae.</strong></span> <span class='ocrx_word' id='word_1_228' title='bbox 1544 2976 1757 3031; x_wconf 84' lang='lat' dir='ltr'><strong>Seminis</strong></span> <span class='ocrx_word' id='word_1_229' title='bbox 1794 2975 2081 3032; x_wconf 90' lang='lat' dir='ltr'><strong>albumen</strong></span> <span class='ocrx_word' id='word_1_230' title='bbox 2126 2978 2424 3037; x_wconf 80' lang='lat' dir='ltr'><strong>farinosum.</strong></span> <span class='ocrx_word' id='word_1_231' title='bbox 2460 2981 2578 3053; x_wconf 60' lang='lat' dir='ltr'><strong>(sec.⁴</strong></span> 
     </span>
     <span class='ocr_line' id='line_1_29' title="bbox 439 3064 1766 3148; baseline -0.01 -18"><span class='ocrx_word' id='word_1_232' title='bbox 439 3092 567 3148; x_wconf 84' lang='lat' dir='ltr'><strong>spec.</strong></span> <span class='ocrx_word' id='word_1_233' title='bbox 598 3071 745 3126; x_wconf 78' lang='lat' dir='ltr'><strong>Herb.</strong></span> <span class='ocrx_word' id='word_1_234' title='bbox 774 3070 934 3143; x_wconf 89' lang='lat' dir='ltr'><strong>Lugd.</strong></span> <span class='ocrx_word' id='word_1_235' title='bbox 969 3072 1137 3123; x_wconf 80' lang='lat' dir='ltr'><strong>Batav.</strong></span> <span class='ocrx_word' id='word_1_236' title='bbox 1165 3077 1216 3122; x_wconf 85' lang='lat' dir='ltr'><strong>et</strong></span> <span class='ocrx_word' id='word_1_237' title='bbox 1246 3066 1418 3122; x_wconf 85' lang='lat' dir='ltr'><strong>Blum.</strong></span> <span class='ocrx_word' id='word_1_238' title='bbox 1448 3074 1621 3120; x_wconf 88' lang='lat' dir='ltr'><strong>annot.</strong></span> <span class='ocrx_word' id='word_1_239' title='bbox 1652 3064 1766 3133; x_wconf 84' lang='lat' dir='ltr'><strong>cit.)</strong></span> 
     </span>
    </p>
   </div>
   <div class='ocr_carea' id='block_1_8' title="bbox 445 3241 2577 3940">
    <p class='ocr_par' dir='ltr' id='par_1_8' title="bbox 445 3241 2577 3940">
     <span class='ocr_line' id='line_1_30' title="bbox 524 3241 2577 3322; baseline 0.001 -14"><span class='ocrx_word' id='word_1_240' title='bbox 524 3245 623 3309; x_wconf 81' lang='lat'><strong>64.</strong></span> <span class='ocrx_word' id='word_1_241' title='bbox 706 3250 1160 3321; x_wconf 72' lang='lat' dir='ltr'><strong>repen-omia</strong></span> <span class='ocrx_word' id='word_1_242' title='bbox 1202 3246 1557 3305; x_wconf 76' lang='lat' dir='ltr'><strong>candida.</strong></span> <span class='ocrx_word' id='word_1_243' title='bbox 1604 3241 1790 3322; x_wconf 81' lang='lat' dir='ltr'><strong>Piper</strong></span> <span class='ocrx_word' id='word_1_244' title='bbox 1803 3241 2051 3301; x_wconf 80' lang='lat' dir='ltr'><strong>Blume!</strong></span> <span class='ocrx_word' id='word_1_245' title='bbox 2076 3244 2145 3302; x_wconf 77' lang='lat' dir='ltr'><strong>in</strong></span> <span class='ocrx_word' id='word_1_246' title='bbox 2170 3245 2338 3307; x_wconf 64' lang='lat' dir='ltr'><strong>Varla.</strong></span> <span class='ocrx_word' id='word_1_247' title='bbox 2359 3246 2577 3310; x_wconf 63' lang='grc' dir='ltr'><strong><em>Βαίου.</em></strong></span> 
     </span>
     <span class='ocr_line' id='line_1_31' title="bbox 456 3345 2576 3427; baseline -0.003 -14"><span class='ocrx_word' id='word_1_248' title='bbox 456 3352 722 3413; x_wconf 74' lang='lat' dir='ltr'><strong>Genoots.</strong></span> <span class='ocrx_word' id='word_1_249' title='bbox 765 3351 922 3408; x_wconf 87' lang='lat' dir='ltr'><strong>Tom.</strong></span> <span class='ocrx_word' id='word_1_250' title='bbox 964 3348 1072 3407; x_wconf 85' lang='grc' dir='ltr'><strong>[Χ.</strong></span> <span class='ocrx_word' id='word_1_251' title='bbox 1096 3369 1164 3427; x_wconf 85' lang='lat' dir='ltr'><strong>p.</strong></span> <span class='ocrx_word' id='word_1_252' title='bbox 1191 3346 1322 3407; x_wconf 86' lang='lat'>199.</span> <span class='ocrx_word' id='word_1_253' title='bbox 1358 3346 1503 3406; x_wconf 79' lang='lat' dir='ltr'><strong>ibid.</strong></span> <span class='ocrx_word' id='word_1_254' title='bbox 1546 3347 1704 3404; x_wconf 87' lang='lat' dir='ltr'><strong>Tom.</strong></span> <span class='ocrx_word' id='word_1_255' title='bbox 1729 3346 1844 3404; x_wconf 83' lang='lat' dir='ltr'><strong>XI.</strong></span> <span class='ocrx_word' id='word_1_256' title='bbox 1872 3365 1934 3425; x_wconf 81' lang='lat' dir='ltr'><strong>p·</strong></span> <span class='ocrx_word' id='word_1_257' title='bbox 1968 3345 2111 3407; x_wconf 88' lang='lat'><strong>227.</strong></span> <span class='ocrx_word' id='word_1_258' title='bbox 2172 3348 2389 3414; x_wconf 79' lang='lat' dir='ltr'><strong>Enum.</strong></span> <span class='ocrx_word' id='word_1_259' title='bbox 2410 3352 2576 3412; x_wconf 82' lang='lat' dir='ltr'><strong>Hort.</strong></span> 
     </span>
     <span class='ocr_line' id='line_1_32' title="bbox 450 3446 2573 3538; baseline -0.001 -23"><span class='ocrx_word' id='word_1_260' title='bbox 450 3456 664 3538; x_wconf 84' lang='lat' dir='ltr'><strong>Bogor.</strong></span> <span class='ocrx_word' id='word_1_261' title='bbox 688 3476 753 3533; x_wconf 85' lang='lat' dir='ltr'><strong>p.</strong></span> <span class='ocrx_word' id='word_1_262' title='bbox 771 3452 871 3512; x_wconf 85' lang='lat'><strong>33.</strong></span> <span class='ocrx_word' id='word_1_263' title='bbox 930 3451 1148 3510; x_wconf 78' lang='lat' dir='ltr'><strong>Enum.</strong></span> <span class='ocrx_word' id='word_1_264' title='bbox 1178 3451 1266 3531; x_wconf 85' lang='lat' dir='ltr'><strong>pl.</strong></span> <span class='ocrx_word' id='word_1_265' title='bbox 1300 3450 1494 3509; x_wconf 81' lang='lat' dir='ltr'><strong>Javae</strong></span> <span class='ocrx_word' id='word_1_266' title='bbox 1513 3451 1679 3529; x_wconf 81' lang='lat' dir='ltr'><strong>fase.</strong></span> <span class='ocrx_word' id='word_1_267' title='bbox 1716 3448 1772 3508; x_wconf 91' lang='lat' dir='ltr'><strong>I.</strong></span> <span class='ocrx_word' id='word_1_268' title='bbox 1802 3468 1862 3528; x_wconf 82' lang='lat' dir='ltr'><strong>p.</strong></span> <span class='ocrx_word' id='word_1_269' title='bbox 1898 3446 1995 3507; x_wconf 85' lang='grc'><strong>74.</strong></span> <span class='ocrx_word' id='word_1_270' title='bbox 2054 3450 2409 3530; x_wconf 80' lang='lat' dir='ltr'><strong>Mieropiper</strong></span> <span class='ocrx_word' id='word_1_271' title='bbox 2430 3454 2573 3533; x_wconf 74' lang='lat' dir='ltr'><strong>Miq.</strong></span> 
     </span>
     <span class='ocr_line' id='line_1_33' title="bbox 451 3549 2574 3639; baseline -0 -22"><span class='ocrx_word' id='word_1_272' title='bbox 451 3560 488 3619; x_wconf 84' lang='lat'><strong>1.</strong></span> <span class='ocrx_word' id='word_1_273' title='bbox 510 3580 560 3619; x_wconf 80' lang='grc' dir='ltr'><strong>ο.</strong></span> <span class='ocrx_word' id='word_1_274' title='bbox 573 3580 637 3639; x_wconf 84' lang='lat' dir='ltr'><strong>p.</strong></span> <span class='ocrx_word' id='word_1_275' title='bbox 672 3556 770 3617; x_wconf 89' lang='lat'><strong>58.</strong></span> <span class='ocrx_word' id='word_1_276' title='bbox 811 3554 1142 3633; x_wconf 84' lang='lat' dir='ltr'><strong>Subglabra</strong></span> <span class='ocrx_word' id='word_1_277' title='bbox 1159 3599 1177 3628; x_wconf 88' lang='lat'><em>‚</em></span> <span class='ocrx_word' id='word_1_278' title='bbox 1218 3554 1624 3631; x_wconf 89' lang='lat' dir='ltr'><strong>pauciramosa</strong></span> <span class='ocrx_word' id='word_1_279' title='bbox 1654 3551 1781 3610; x_wconf 91' lang='lat' dir='ltr'><strong>basi</strong></span> <span class='ocrx_word' id='word_1_280' title='bbox 1813 3549 2104 3626; x_wconf 87' lang='lat' dir='ltr'><strong>radicans,</strong></span> <span class='ocrx_word' id='word_1_281' title='bbox 2123 3551 2281 3611; x_wconf 80' lang='lat' dir='ltr'><strong>soliis</strong></span> <span class='ocrx_word' id='word_1_282' title='bbox 2307 3555 2574 3633; x_wconf 88' lang='lat' dir='ltr'><strong>plerum·</strong></span> 
     </span>
     <span class='ocr_line' id='line_1_34' title="bbox 445 3654 2573 3742; baseline -0 -22"><span class='ocrx_word' id='word_1_283' title='bbox 445 3681 567 3742; x_wconf 89' lang='lat' dir='ltr'><strong>que</strong></span> <span class='ocrx_word' id='word_1_284' title='bbox 616 3660 861 3719; x_wconf 86' lang='lat' dir='ltr'><strong>alternis</strong></span> <span class='ocrx_word' id='word_1_285' title='bbox 909 3656 1230 3737; x_wconf 51' lang='lat' dir='ltr'><strong>petiolatis*</strong></span> <span class='ocrx_word' id='word_1_286' title='bbox 1253 3657 1556 3732; x_wconf 65' lang='lat' dir='ltr'><strong>malibus,</strong></span> <span class='ocrx_word' id='word_1_287' title='bbox 1599 3654 2237 3733; x_wconf 85' lang='lat' dir='ltr'><strong>spathulato-ovalibus</strong></span> <span class='ocrx_word' id='word_1_288' title='bbox 2277 3659 2573 3720; x_wconf 89' lang='lat' dir='ltr'><strong>orbicula-</strong></span> 
     </span>
     <span class='ocr_line' id='line_1_35' title="bbox 447 3756 2573 3835; baseline -0.001 -12"><span class='ocrx_word' id='word_1_289' title='bbox 447 3764 598 3823; x_wconf 82' lang='lat' dir='ltr'><strong>tisve</strong></span> <span class='ocrx_word' id='word_1_290' title='bbox 648 3760 964 3835; x_wconf 85' lang='lat' dir='ltr'><strong>ciliolatis‚</strong></span> <span class='ocrx_word' id='word_1_291' title='bbox 1020 3759 1228 3819; x_wconf 82' lang='lat' dir='ltr'><strong>subtus</strong></span> <span class='ocrx_word' id='word_1_292' title='bbox 1278 3758 1554 3819; x_wconf 89' lang='lat' dir='ltr'><strong>candidis</strong></span> <span class='ocrx_word' id='word_1_293' title='bbox 1610 3756 1872 3817; x_wconf 84' lang='lat' dir='ltr'><strong>obsolete</strong></span> <span class='ocrx_word' id='word_1_294' title='bbox 1921 3757 2260 3834; x_wconf 85' lang='lat' dir='ltr'><strong>triuerviis‚</strong></span> <span class='ocrx_word' id='word_1_295' title='bbox 2320 3761 2573 3822; x_wconf 87' lang='lat' dir='ltr'><strong>amentis</strong></span> 
     </span>
     <span class='ocr_line' id='line_1_36' title="bbox 448 3859 2573 3940; baseline -0.001 -15"><span class='ocrx_word' id='word_1_296' title='bbox 448 3863 784 3925; x_wconf 83' lang='lat' dir='ltr'><strong>densissoris</strong></span> <span class='ocrx_word' id='word_1_297' title='bbox 849 3861 1301 3940; x_wconf 88' lang='lat' dir='ltr'><strong>pedunculatis‚</strong></span> <span class='ocrx_word' id='word_1_298' title='bbox 1374 3860 1734 3939; x_wconf 87' lang='lat' dir='ltr'><strong>pedunculis</strong></span> <span class='ocrx_word' id='word_1_299' title='bbox 1806 3859 2056 3936; x_wconf 88' lang='lat' dir='ltr'><strong>petiolos</strong></span> <span class='ocrx_word' id='word_1_300' title='bbox 2119 3864 2573 3940; x_wconf 67' lang='lat' dir='ltr'><strong>superantibus,</strong></span> 
     </span>
    </p>
   </div>
   <div class='ocr_carea' id='block_1_9' title="bbox 443 3961 2575 4130">
    <p class='ocr_par' dir='ltr' id='par_1_9' title="bbox 443 3961 2575 4130">
     <span class='ocr_line' id='line_1_37' title="bbox 443 3961 2575 4045; baseline -0 -18"><span class='ocrx_word' id='word_1_301' title='bbox 443 3967 795 4027; x_wconf 83' lang='lat' dir='ltr'><strong>axillaribus</strong></span> <span class='ocrx_word' id='word_1_302' title='bbox 841 3965 1381 4045; x_wconf 83' lang='lat' dir='ltr'><strong>terminalibusque</strong></span> <span class='ocrx_word' id='word_1_303' title='bbox 1431 3963 1709 4023; x_wconf 86' lang='lat' dir='ltr'><strong>solitariis</strong></span> <span class='ocrx_word' id='word_1_304' title='bbox 1754 3961 2012 4039; x_wconf 77' lang='lat' dir='ltr'><strong>geminis</strong></span> <span class='ocrx_word' id='word_1_305' title='bbox 2046 3964 2339 4040; x_wconf 83' lang='lat' dir='ltr'><strong>ternisve,</strong></span> <span class='ocrx_word' id='word_1_306' title='bbox 2375 3966 2575 4028; x_wconf 84' lang='lat' dir='ltr'><strong>baccis</strong></span> 
     </span>
     <span class='ocr_line' id='line_1_38' title="bbox 455 4069 658 4130; baseline -0.015 0"><span class='ocrx_word' id='word_1_307' title='bbox 455 4069 658 4130; x_wconf 85' lang='lat' dir='ltr'><strong>ovatis.</strong></span> 
     </span>
    </p>
   </div>
   <div class='ocr_carea' id='block_1_10' title="bbox 525 4161 2576 4384">
    <p class='ocr_par' dir='ltr' id='par_1_10' title="bbox 525 4161 2576 4384">
     <span class='ocr_line' id='line_1_39' title="bbox 525 4161 1864 4264; baseline -0.006 -14"><span class='ocrx_word' id='word_1_308' title='bbox 525 4200 679 4250; x_wconf 85' lang='lat' dir='ltr'><strong>loon.</strong></span> <span class='ocrx_word' id='word_1_309' title='bbox 724 4194 1005 4246; x_wconf 82' lang='lat' dir='ltr'><strong>Commeat.</strong></span> <span class='ocrx_word' id='word_1_310' title='bbox 1037 4188 1272 4264; x_wconf 79' lang='lat' dir='ltr'><strong>phytogr.</strong></span> <span class='ocrx_word' id='word_1_311' title='bbox 1303 4187 1425 4243; x_wconf 85' lang='lat' dir='ltr'><strong>Tab.</strong></span> <span class='ocrx_word' id='word_1_312' title='bbox 1461 4191 1598 4243; x_wconf 78' lang='lat' dir='ltr'><strong>vill.</strong></span> <span class='ocrx_word' id='word_1_313' title='bbox 1630 4187 1720 4262; x_wconf 80' lang='lat' dir='ltr'><strong>fig.</strong></span> <span class='ocrx_word' id='word_1_314' title='bbox 1753 4191 1827 4242; x_wconf 89' lang='lat' dir='ltr'><strong>D..</strong></span> <span class='ocrx_word' id='word_1_315' title='bbox 1861 4161 1864 4164; x_wconf 21' lang='grc' dir='ltr'>Ι</span> 
     </span>
     <span class='ocr_line' id='line_1_40' title="bbox 529 4305 2576 4384; baseline 0 -12"><span class='ocrx_word' id='word_1_316' title='bbox 529 4310 854 4374; x_wconf 80' lang='lat' dir='ltr'><strong>Habitat</strong></span> <span class='ocrx_word' id='word_1_317' title='bbox 912 4310 976 4384; x_wconf 83' lang='lat' dir='ltr'><strong>in</strong></span> <span class='ocrx_word' id='word_1_318' title='bbox 1028 4309 1211 4370; x_wconf 86' lang='lat' dir='ltr'><strong>Javae</strong></span> <span class='ocrx_word' id='word_1_319' title='bbox 1263 4315 1465 4368; x_wconf 86' lang='lat' dir='ltr'><strong>monte</strong></span> <span class='ocrx_word' id='word_1_320' title='bbox 1508 4306 1686 4366; x_wconf 84' lang='lat' dir='ltr'><strong>Salak</strong></span> <span class='ocrx_word' id='word_1_321' title='bbox 1736 4305 1812 4365; x_wconf 88' lang='lat' dir='ltr'><strong>ad</strong></span> <span class='ocrx_word' id='word_1_322' title='bbox 1849 4305 2006 4383; x_wconf 87' lang='lat' dir='ltr'><strong>ripas</strong></span> <span class='ocrx_word' id='word_1_323' title='bbox 2038 4314 2370 4370; x_wconf 82' lang='lat' dir='ltr'><strong>cataractae</strong></span> <span class='ocrx_word' id='word_1_324' title='bbox 2402 4310 2576 4376; x_wconf 83' lang='lat' dir='ltr'><strong>fluvii</strong></span> 
     </span>
    </p>
   </div>
  </div>
 </body>
</html>
