3153 5134
1457 374 1582 439 251

446 569 658 627 culina
693 571 926 628 florentia
958 572 1014 627 in
1044 571 1260 626 summis
1287 570 1504 627 ramulis
1532 571 1734 640 crebra,
1771 571 2237 642 tereti-filiformia‚
2271 572 2387 646 plus
2415 572 2587 631 minus

446 658 668 716 flexuosa
711 671 765 716 et
808 670 1017 719 curvata
1034 698 1052 727 ‚
1104 658 1304 733 patula,
1348 659 1615 733 adspectus
1662 659 1971 734 griseo-fusci
1988 699 2005 729 ‚
2058 666 2202 718 8-4
2242 671 2376 717 cent.
2404 662 2554 735 longa
2571 700 2590 729 ‚

444 749 478 800 1
510 765 641 802 mm.
682 747 855 820 paullo
886 747 1158 813 crassiora,
1194 745 1323 800 sicca
1351 745 1588 820 fragilia,
1625 748 1996 820 pedunculis
2026 752 2061 803 2
2098 769 2228 805 mm.
2257 749 2460 805 circiter
2486 749 2594 804 lon·

441 831 524 905 gis
567 844 811 890 sustenta.
884 834 1091 889 Flores
1127 832 1409 887 densissimi
1439 832 1690 907 spiraliter
1716 834 1961 908 dispositi.
2033 840 2323 890 Bracteac
2350 835 2595 891 coriaceae

440 918 664 975 breviter
707 921 1030 993 pedioellatae
1075 918 1213 991 pelta
1260 920 1589 973 crassiuscula
1631 918 1810 992 glabra
1839 921 2220 977 convexiuscula
2234 961 2251 990 ,
2287 921 2559 977 orbiculari
2576 961 2595 990 ‚

440 1006 849 1080 subnigricante‚
904 1006 1222 1079 marginibus
1268 1006 1586 1062 luscescente.
1687 1006 1969 1062 Stamina
2015 1013 2182 1082 quot?
2236 1010 2591 1066 filamentis

449 1093 687 1150 brevibus
734 1093 1096 1159 terminunculis,
1133 1090 1409 1146 antheris
1437 1093 1612 1146 erectis
1631 1130 1649 1159 ‚
1682 1093 1875 1148 sordide
1902 1093 2084 1161 luteis,
2114 1095 2591 1170 didymo-hilocula-

445 1180 614 1248 ribus,
649 1180 1050 1254 ovato—globosis,
1088 1178 1267 1233 loculis
1301 1197 1513 1251 superne
1540 1179 1730 1233 obtusis
1758 1180 2420 1256 uni-punctato-impressis‚
2454 1186 2589 1240 rima

448 1268 645 1325 laterali
674 1269 888 1342 apertis,
924 1267 1150 1324 connecti
1158 1287 1218 1322 vo
1246 1264 1572 1321 crassiusculo
1603 1267 1846 1342 utrinque
1874 1266 2073 1324 adnatis
2105 1272 2221 1342 (sec.
2245 1289 2318 1345 sp.
2346 1272 2462 1344 cit.)

531 1430 630 1495 16.
713 1431 1045 1493 chasson
1102 1429 1381 1491 Chaba.
1477 1430 1670 1508 Piper
1718 1429 1973 1489 Blume!
2027 1432 2095 1488 in
2150 1432 2209 1490 V
2204 1431 2321 1493 erla.
2364 1431 2583 1494 Batav.

453 1535 724 1596 Genoots.
787 1536 945 1594 Tom.
1002 1532 1119 1594 XI.
1156 1553 1222 1613 p.
1281 1530 1413 1593 168.
1509 1533 1729 1591 Emam.
1754 1533 1845 1612 pl.
1880 1533 2075 1593 «favae
2093 1536 2260 1615 saec.
2296 1535 2351 1595 L
2382 1556 2445 1615 p.
2484 1536 2583 1598 66.

443 1658 554 1698 nec
592 1639 777 1697 Huni.
814 1637 885 1694 in
919 1635 1117 1695 Asiat.
1159 1634 1397 1693 Resaar.
1449 1634 1609 1694 Tom.
1645 1635 1759 1693 IX.
1787 1655 1850 1714 p.
1890 1634 2027 1695 391.
2062 1656 2169 1694 nec
2208 1638 2394 1697 Roxb.
2427 1638 2584 1700 Flor.

444 1740 582 1799 Iud.
620 1741 778 1799 Tom.
808 1740 864 1798 I.
890 1759 950 1818 p.
989 1737 1104 1798 156
1121 1735 1186 1817 ¹).
1271 1734 1345 1797 P.
1375 1738 1778 1796 abbreviatum
1811 1738 1997 1817 Opiz!
2028 1739 2097 1796 in
2128 1740 2323 1818 Retiq.
2355 1740 2583 1800 Haenk.

444 1843 581 1903 III.
631 1863 695 1922 p.
758 1841 891 1903 157.
990 1838 1293 1899 Fruticosa
1312 1885 1330 1914 ,
1379 1838 1704 1915 scandens,
1746 1839 2054 1917 radicans,
2094 1840 2253 1900 foliis
2287 1844 2581 1903 membra·

441 1945 646 2005 naccis
697 1939 1346 2023 pellucido-punctatis
1395 1941 1623 2020 glabris
1642 1987 1660 2017 ,
1703 1941 2090 2002 inferioribus
2123 1941 2364 2021 longius
2396 1945 2584 2022 petio·

440 2047 614 2124 latis,
651 2047 839 2108 ovatis
890 2045 1090 2105 subito
1126 2043 1516 2120 acuminatis,
1557 2044 1686 2105 basi
1721 2045 1962 2124 aequali
1995 2046 2370 2122 rotundatis,
2407 2067 2579 2126 supe·

441 2149 703 2210 rioribus
751 2149 1018 2209 breviter
1068 2145 1369 2227 petiolatis
1397 2147 1674 2226 oblongis
1710 2148 1807 2207 vel
1843 2147 2128 2227 ellipticis
2145 2195 2163 2225 ‚
2205 2149 2582 2229 longiuscule

442 2260 695 2331 anguste
747 2251 1139 2327 acuminatis,
1197 2248 1324 2309 basi
1371 2248 1508 2328 plus
1554 2249 1833 2311 minusve
1878 2250 2183 2331 inaequali
2238 2253 2427 2312 acutis
2481 2253 2581 2312 vel

440 2355 697 2431 obtusis,
738 2353 1073 2433 quintupli-
1127 2353 1224 2412 vel
1279 2352 1837 2431 raro-triplinerviis
1853 2400 1871 2430 ‚
1924 2353 2250 2433 medioque
2287 2356 2577 2416 unicosta·

443 2458 547 2534 tis,
585 2457 839 2518 amentis
873 2457 1251 2535 longiuscule
1285 2454 1736 2534 pedunculatis,
1775 2476 1953 2519 masc.
1990 2456 2407 2533 filiformibus,
2438 2457 2579 2517 fem.

443 2559 1028 2642 cylindrico·conicis
1080 2558 1180 2619 vel
1217 2558 1490 2619 ovalibus
1505 2604 1523 2634 ,
1566 2558 1822 2638 obtusis,
1857 2559 2108 2637 erectis,
2147 2559 2397 2621 maturis
2428 2580 2584 2639 pen-

440 2665 601 2726 dulis
635 2665 992 2742 incrassatis,
1033 2662 1413 2740 stigmatibus
1449 2661 1660 2721 tribus.

512 2792 671 2843 Icou.
704 2788 886 2843 Blume
917 2786 955 2842 1.
986 2805 1032 2841 c.
1062 2784 1155 2859 fig.
1191 2789 1227 2840 '7
1259 2784 1346 2840 fol.
1376 2783 1570 2858 xylogr.

521 2906 817 2966 Habitat
865 2906 931 2964 in
977 2905 1124 2964 Java
1183 2902 1419 2963 insulae
1482 2901 1831 2981 regionibus
1886 2904 2211 2979 montanis,
2275 2903 2353 2964 ad
2407 2903 2574 2966 arbo·

440 3028 539 3069 res
567 3009 885 3084 scandens,
916 3007 1129 3067 incolis
1144 3004 1325 3085 Tjabe
1355 3003 1618 3080 burriet,
1638 3003 2103 3083 Tjammintring
2119 3004 2279 3067 dicta
2301 3005 2571 3087 (Blumel

441 3111 480 3170 l.
517 3131 573 3172 c.
604 3119 665 3169 et
694 3111 760 3170 in
798 3109 972 3169 Herb.
1012 3107 1203 3187 Lugd.
1235 3107 1362 3168 Bat.
1399 3115 1461 3166 et
1492 3126 1617 3185 reg.
1653 3104 1901 3185 berok),
1933 3104 2162 3166 ibidem
2190 3105 2568 3188 (Kollmannl

434 3233 495 3273 n.
545 3212 666 3275 705
717 3213 784 3273 in
837 3212 1010 3273 Herb.
1055 3208 1303 3290 Εἰώθει),
1355 3211 1422 3270 in
1467 3209 1667 3270 insula
1701 3209 1909 3289 Lacon
1940 3208 2239 3292 (Haenkel
2292 3212 2363 3299 in·
2393 3203 2568 3274 Herh.

432 3334 562 3396 reg.
593 3312 809 3395 berol.)

503 3440 707 3495 Caulis
743 3439 853 3493 basi
882 3438 1155 3511 liguescens
1180 3438 1265 3492 vix
1295 3437 1517 3510 digitum
1543 3455 1765 3504 crassus,
1801 3436 1858 3490 in
1888 3446 2145 3491 sarmenta
2172 3438 2321 3510 plura
2351 3444 2565 3495 12—15

428 3537 561 3582 cent.
592 3528 744 3601 longa
771 3526 1017 3601 partitus,
1053 3526 1260 3594 teretia,
1292 3525 1559 3593 striulata,
1595 3525 1659 3579 ad
1689 3524 1837 3578 nodos
1862 3524 1949 3579 hic
1977 3524 2089 3578 illic
2117 3527 2421 3596 radicanda,
2455 3528 2569 3603 qui·

426 3613 523 3669 hus
574 3615 638 3668 ad
684 3614 879 3669 arbores
924 3614 1200 3669 adscendit.
1288 3613 1574 3669 internodia
1611 3614 1931 3669 ramulorum
1964 3613 2236 3670 subteretia
2262 3621 2402 3673 2-3
2433 3629 2565 3675 cent.

428 3701 613 3775 longa,
649 3701 899 3768 flexuosa,
936 3702 1112 3776 grisea.
1161 3702 1387 3757 Petioli
1419 3703 1754 3770 semiterete8‚
1788 3701 1947 3756 obiter
1978 3703 2335 3774 canaliculati‚
2368 3705 2568 3763 infcrio—

427 3809 507 3846 res
535 3795 570 3846 4
605 3800 758 3859 cent„
791 3790 1059 3864 superiores
1092 3795 1126 3844 6
1156 3809 1282 3847 mm.
1311 3790 1473 3864 longi,
1511 3790 1703 3858 striati,
1738 3787 1924 3863 glabri.
1996 3791 2282 3848 Laminae
2318 3794 2569 3851 inferiores

492 4017 534 4088 1)
568 4020 728 4069 Nescio
764 4018 936 4086 quibus
968 4018 1225 4067 rationibus
1255 4018 1424 4068 ductus
1452 4019 1513 4068 cl.
1551 4033 1702 4068 Brun:
1732 4036 2014 4087 synonymon
2046 4034 2243 4069 nnumin
2273 4021 2332 4071 ad
2365 4027 2565 4089 speciem

420 4120 549 4153 suam
580 4104 798 4154 Javanam
825 4103 1010 4153 duxerit
1030 4140 1044 4166 ,
1081 4122 1185 4153 cum
1222 4119 1450 4155 numanus
1486 4116 1643 4171 aperte
1681 4104 1770 4154 hoc
1805 4108 1988 4153 nomine
2017 4123 2134 4155 eam
2170 4109 2403 4173 Piperis
2436 4129 2561 4179 spe..

425 4189 574 4236 ciem
607 4190 896 4240 intellexerit
925 4207 1043 4257 qnae
1083 4191 1260 4256 Piper
1294 4191 1535 4258 longum
1563 4189 1811 4258 ofs.quod
1828 4206 1885 4238 ex
1918 4190 2028 4238 ins.
2063 4191 2388 4243 Snndaicis
2418 4196 2560 4249 adve-

422 4271 552 4322 hitur
591 4276 768 4340 profert
821 4285 871 4323 et
912 4293 940 4324 a
970 4289 1172 4324 annino
1224 4277 1275 4325 in
1318 4274 1432 4324 Tab.
1486 4277 1584 4322 116
1635 4276 1765 4322 Tom.
1799 4275 1854 4323 V.
1903 4273 2082 4325 modice
2119 4274 2304 4341 depicta
2339 4278 2418 4330 sed
2453 4284 2558 4337 fuse

416 4356 642 4426 descripta
671 4369 845 4423 exstat,
883 4377 910 4410 a
949 4373 1143 4411 mmm
1178 4375 1283 4410 cum
1319 4359 1385 4426 pl.
1422 4358 1697 4425 Bengalensi
1727 4357 1836 4422 (Ch.
1865 4358 2268 4430 Boxburghii)
2298 4366 2505 4420 confusa.
