3153 5134
1436 394 1563 455 333

437 593 693 646 montium
741 590 1039 658 altitudine,
1079 591 1134 643 in
1180 590 1334 664 sylvis
1367 590 1620 645 umbrosis
1650 589 1878 643 humidis
1907 589 2312 665 ovato-oblongae
2328 631 2344 659 ,
2383 598 2417 647 8
2447 603 2575 647 cent.

437 680 642 753 longae,
687 684 760 747 53¹,-
807 678 942 732 latae
986 678 1299 752 majoresque
1344 697 1506 751 quam
1543 677 1814 751 stirpium,
1856 677 1913 730 in
1942 676 2292 733 elevatioribus
2319 678 2580 734 montibus

436 765 872 839 lucidioribusque
884 766 1256 839 progenitarum
1265 805 1282 833 ,
1314 785 1538 839 quarum
1552 765 1775 819 laminae
1789 764 1952 838 magis
1967 776 2092 820 sunt
2105 766 2364 841 elongatae
2378 779 2430 823 et
2444 767 2580 822 venis

437 854 836 920 confertioribus,
863 854 1117 908 crassiores
1152 872 1211 907 ac
1238 854 1509 919 firmiores,
1536 857 1608 925 73
1621 851 1816 927 longae,
1845 857 1880 906 3
1902 852 2060 922 latae,
2082 853 2300 926 stirpis
2324 852 2584 911 feminae

436 942 587 997 folia
625 960 900 1015 parumper
936 941 1226 1015 angustiora
1267 960 1326 995 ac
1365 941 1533 995 maris.
1610 944 1750 994 Toete
1790 941 1854 993 cl.
1896 940 2080 994 Blume
2109 940 2402 995 interiorum
2435 941 2579 998 folio-

436 1050 560 1085 rum
591 1030 810 1083 laminae
839 1034 976 1085 8--9
1008 1040 1139 1083 cent.
1170 1028 1373 1102 longae,
1410 1033 1549 1083 5—6
1585 1028 1746 1096 latae3
1781 1026 2179 1081 lanceolatarum
2207 1032 2346 1083 6--9
2377 1029 2583 1104 longae,

436 1124 610 1187 23¹5—3
634 1119 791 1188 latae,
831 1119 938 1173 basi
968 1119 1082 1193 plus
1114 1119 1288 1173 minus
1320 1128 1498 1172 acutae
1532 1129 1585 1173 et
1611 1118 1858 1192 obliquae.
1895 1150 1966 1157 —
1996 1117 2142 1171 Nervi
2173 1117 2229 1170 in
2260 1116 2399 1176 foliis
2424 1121 2582 1175 ovatis

436 1207 667 1281 quinque
705 1226 733 1261 e
768 1206 902 1273 basi,
947 1226 1167 1280 quorum
1209 1217 1311 1260 tres
1349 1206 1505 1260 medii
1541 1206 1607 1260 ad
1645 1206 1835 1279 apicem
1875 1213 2208 1277 percurrunt;
2245 1206 2449 1260 nervuli
2477 1208 2581 1263 duo

436 1296 682 1349 aocaesorii
711 1296 778 1349 ad
808 1295 950 1349 basin
979 1294 1084 1349 fere
1110 1294 1345 1364 obsoletig,
1376 1295 1434 1349 in
1461 1294 1776 1363 lanceolatiS,
1808 1294 1912 1348 duo
1938 1292 2195 1347 inferiores
2226 1302 2400 1348 tenues
2423 1295 2581 1369 juxta

437 1384 689 1457 margines
720 1384 1093 1450 adscendentes,
1123 1394 1173 1436 et
1205 1383 1308 1436 duo
1337 1383 1563 1457 supremi
1594 1402 1746 1457 supra
1774 1383 1918 1436 basin
1950 1381 2049 1435 orti
2082 1381 2318 1438 fortiores.
2372 1389 2580 1438 Anasto-

437 1491 598 1527 moses
622 1472 931 1547 trequentes,
966 1471 1291 1538 reticulatae,
1328 1472 1702 1526 crassiuscnlae.
1740 1504 1810 1512 —
1845 1476 2106 1525 Amenta
2135 1471 2324 1539 dioica,
2355 1472 2465 1546 ped
2478 1491 2581 1526 un·

437 1562 601 1615 culis
646 1566 680 1615 2
728 1569 854 1613 cent.
904 1558 1067 1631 longis
1106 1558 1388 1613 recurvatis
1431 1559 1776 1632 oppositifoliis
1820 1567 2066 1624 sustenta,
2118 1557 2280 1633 iisque
2325 1555 2580 1629 breviora,

440 1649 749 1703 subcurvata
765 1685 782 1713 ,
820 1644 1161 1699 masculina
1183 1646 1467 1701 femineis
1492 1648 1756 1715 tenuiora,
1788 1665 1978 1720 pennae
2001 1645 2320 1700 columbinae
2346 1646 2579 1701 crassitie.

436 1740 604 1790 Maso.
641 1738 923 1787 Bracteae
951 1751 1159 1805 parvae,
1189 1732 1940 1807 quadrangulari-rotundatae,
1968 1732 2171 1807 planae,
2189 1734 2375 1788 subtus
2386 1744 2582 1790 tomen·

446 1832 596 1878 tosae.
643 1819 992 1875 staminum
1022 1839 1295 1892 numerus,
1328 1821 1648 1880 inconstans?
1698 1820 2042 1875 Filamenta
2065 1818 2375 1889 brevissima,
2402 1839 2582 1890 crassa,

439 1910 554 1983 plus
594 1908 769 1963 minus
812 1926 1112 1981 compressa,
1156 1908 1293 1981 apice
1346 1908 1670 1963 antheram
1714 1908 2041 1963 bilocularem
2096 1907 2328 1980 gerentia.
2410 1909 2581 1964 Ovarii

439 1997 798 2052 rudimentum
840 1994 1066 2048 nullum.
1142 1999 1293 2049 Fem.
1335 2001 1624 2051 Bracteae
1653 1997 1815 2070 magis
1846 1994 2179 2061 rotundatae,
2209 1994 2393 2050 subtus
2422 1997 2580 2051 etiam

436 2095 753 2140 tomentosae.
811 2083 1113 2137 Ovarium
1140 2083 1305 2151 ovale,
1337 2084 1607 2157 glabrum,
1632 2084 1776 2159 apice
1799 2084 1854 2138 in
1881 2083 2120 2158 stylum
2145 2082 2578 2139 brevissimum

435 2174 800 2237 terminatum,
844 2169 1247 2243 stigmatibus
1290 2176 1323 2226 4
1360 2190 1471 2225 raro
1511 2177 1580 2239 5,
1628 2170 1908 2245 puberulis.
1981 2174 2205 2224 Baccae
2240 2170 2303 2224 iis
2344 2171 2579 2244 Piperis

435 2260 600 2333 nigri
637 2258 809 2331 paullo
848 2258 1087 2324 minores,
1132 2257 1344 2326 rubrae,
1381 2258 1599 2326 nitidae,
1635 2256 2117 2330 oblongo-globosae,
2154 2257 2290 2330 apice
2321 2258 2575 2333 stigmati—

431 2348 526 2403 bus
555 2357 837 2414 coronatae,
873 2346 1240 2421 approximatae
1270 2366 1359 2401 nec
1388 2356 1563 2401 tamen
1593 2345 1816 2401 coalitae.

506 2522 673 2596 Hujus
706 2521 908 2594 speciei,
945 2520 1049 2576 late
1075 2539 1164 2596 per
1195 2520 1366 2576 Asiam
1394 2529 1443 2575 et
1472 2517 1663 2574 insulas
1689 2517 1950 2574 sundaicas
1980 2517 2247 2593 dispersae,
2282 2521 2446 2596 plures
2473 2523 2576 2579 for·
2622 2543 2625 2546 ·

433 2629 542 2664 mas
571 2609 847 2676 observavi,
882 2629 969 2682 per
1003 2629 1054 2663 se
1084 2609 1289 2683 quidem
1319 2608 1584 2662 distinctas
1619 2607 1703 2661 sed
1734 2608 1886 2662 variis
1920 2608 2232 2662 intermediis
2263 2611 2572 2685 conjunctas.

523 2737 795 2796 Varietas
828 2737 1239 2817 angustffolia.
1323 2735 1498 2796 Foliis
1531 2734 1879 2795 lanceolatis
1916 2735 2291 2817 subobliquis
2324 2740 2567 2819 quintu-

436 2839 747 2920 plinerviis
776 2838 1186 2918 rigidioribus.
2376 2829 2380 2834 ’

504 2978 661 3027 Icon.
699 2972 739 3026 l.
774 2990 819 3026 c.
856 2972 946 3045 fig.
983 2975 1070 3025 11.
1111 2974 1160 3025 6.
1199 2970 1387 3026 folium
1423 2970 1617 3045 xylogr.

521 3091 817 3151 Habitat
850 3091 914 3149 in
953 3090 1316 3164 declivibuS,
1359 3091 1519 3149 inter
1554 3095 1786 3148 montes
1819 3089 2207 3170 Burangrang
2238 3101 2297 3154 et
2330 3094 2562 3157 Tanku.

436 3212 574 3252 wan
641 3192 987 3253 Provinciae
1057 3193 1354 3271 Krawang
1404 3192 1550 3252 Java
1602 3192 1834 3288 insulae
1880 3192 2142 3274 (Blume!
2195 3196 2235 3256 l.
2285 3217 2335 3258 o.
2387 3207 2449 3260 et
2493 3200 2560 3259 in

434 3294 606 3355 Herb.
647 3295 835 3374 Lugd.
877 3294 1028 3376 Bat.)

498 3426 789 3480 Fruticulus
828 3426 1095 3493 scandens,
1139 3426 1411 3480 divaricate
1458 3424 1741 3479 dichotome
1780 3443 2026 3492 ramosus,
2063 3427 2204 3482 nodis
2234 3431 2447 3487 tumidis
2476 3445 2560 3489 tu·

432 3512 719 3580 berculosiS,
753 3513 1046 3587 junioribus
1085 3513 1373 3586 puberulis3
1409 3511 1689 3566 internodia
1737 3512 2011 3586 cylindrica
2039 3533 2142 3568 uno
2168 3515 2324 3572 latere
2349 3521 2559 3592 sulcata,

431 3621 662 3675 suprema
712 3601 1279 3674 subcompresso-teretia
1293 3641 1309 3668 ,
1361 3602 1534 3656 omnia
1580 3602 1928 3656 cinerasoentia
1948 3641 1965 3670 ,
2013 3601 2189 3676 glabra
2205 3645 2222 3673 ,
2273 3608 2556 3679 sublaevia,

430 3694 611 3754 1—5}
641 3700 769 3745 cent.
800 3690 972 3763 longa,
1003 3690 1185 3744 infima
1212 3701 1263 3744 et
1292 3709 1524 3764 suprema
1550 3689 1860 3746 brevissima.
1913 3691 2083 3746 Folia
2109 3693 2392 3765 suberecta,
2419 3717 2561 3775 mag-

429 3780 665 3836 nitudine
700 3799 883 3854 parum
920 3780 1153 3854 disparia.
1224 3779 1446 3834 Petioli
1492 3784 1527 3835 6
1564 3798 1694 3836 mm.
1736 3811 1806 3819 —
1847 3783 1878 3833 1
1923 3790 2052 3832 cent.
2096 3779 2269 3854 longi,
2312 3786 2560 3858 profunde

429 3868 751 3924 canaliculati
782 3880 831 3923 et
856 3870 1021 3924 antiee
1048 3869 1309 3943 puberuli,
1345 3870 1495 3935 recti,
1529 3868 1700 3942 rigidi.
1772 3869 2062 3922 Laminae
2088 3869 2416 3942 lanceolatae,
2451 3877 2559 3934 basi

432 3958 512 4012 vel
549 3957 816 4012 rotundata
847 3957 1023 4011 leviter
1058 3958 1362 4032 inaequales,
1406 3957 1484 4010 vel
1522 3967 1670 4010 acuta
1689 3954 1790 4009 fere
1812 3957 2062 4030 aequale8‚
2093 3960 2228 4031 apice
2269 3961 2475 4036 oblique
2510 3977 2561 4022 et

428 4057 573 4101 acute
608 4046 951 4115 acuminatae,
997 4051 1031 4100 '7
1064 4056 1194 4100 cent.
1239 4046 1446 4119 longae,
1490 4050 1525 4100 2
1565 4056 1696 4100 cent.
1735 4044 1890 4112 latae,
1934 4046 2014 4100 vel
2051 4049 2222 4119 paullo
2250 4049 2446 4105 latiores
2476 4056 2556 4110 vel

428 4136 758 4209 angustiores,
794 4134 1152 4201 subcoriaceae,
1190 4135 1404 4209 rigidae,
1440 4133 1579 4188 haud
1606 4133 2232 4208 pellucido-punctulatae,
2269 4158 2422 4212 supra
2451 4144 2558 4217 gla.

431 4223 549 4278 brae
581 4223 737 4278 laeves
751 4263 768 4291 ,
789 4243 972 4298 parum
1010 4222 1234 4291 nitidae,
1268 4222 1443 4277 subtus
1474 4221 1778 4296 pallidiores,
1803 4223 1858 4276 in
1892 4226 2053 4278 nervis
2082 4225 2476 4299 prominentibus
2502 4245 2554 4287 et

434 4313 631 4368 venulis
659 4313 961 4388 puberulae,
1000 4313 1183 4368 sensim
1212 4313 1374 4387 magis
1412 4311 1692 4385 glabratae,
1722 4311 1819 4366 fere
1843 4313 2304 4387 quintuplinerviae
2341 4319 2418 4372 vel
2447 4321 2552 4380 fere

427 4401 842 4476 septuplinerviae
859 4442 876 4471 ,
910 4402 1429 4460 costato-reticulatae.
1502 4406 1542 4458 E
1565 4424 1617 4462 n.
1641 4403 1747 4460 scil.
1786 4405 1947 4461 medio
1985 4404 2216 4462 crassiore
2240 4407 2486 4484 utrinque
2521 4433 2549 4468 e
