3153 5134
1437 370 1575 436 281·

512 576 817 637 Habitat
858 576 923 633 in
963 570 1240 651 Nepalia.
1294 614 1303 625 ,

502 700 587 757 Ad
600 709 723 756 not.
758 698 951 772 Species
973 696 1037 751 atl
1061 696 1189 751 hanc
1209 693 1478 750 sectionem
1500 695 1759 767 pertinens
1772 733 1789 762 ,
1810 691 1895 748 scd
1916 689 2147 747 nondum
2169 691 2294 747 bene
2314 693 2515 768 cognita
2540 714 2573 749 a

424 801 654 842 nummo
693 785 815 859 (nb.
846 782 998 839 Amb.
1027 787 1170 839 Tom.
1194 786 1254 838 V.
1277 802 1327 856 p.
1344 785 1477 852 344)
1502 792 1899 837 commemorata
1936 780 2144 836 nomine
2172 781 2318 835 sirii
2354 791 2568 836 terres·

429 874 570 943 tris,
604 873 818 929 malaice
846 869 1002 928 Cado
1032 870 1220 937 Cado,
1257 867 1445 944 ubique
1470 888 1693 924 crescens
1719 869 1775 922 in
1803 869 1971 943 pagis,
2006 869 2154 937 vicis,
2193 869 2379 943 plateis
2404 878 2457 923 et
2481 866 2580 923 sub

427 961 708 1032 t'ruticuliS,
743 963 801 1018 in
833 959 1080 1016 umbrosis
1110 969 1163 1014 et
1195 956 1439 1013 humidis.
1514 957 1641 1014 Tab.
1674 961 1779 1014 119
1811 956 1904 1031 fig.
1937 961 1965 1011 1
2003 956 2239 1030 plantam
2273 955 2521 1012 illustrat.

470 1202 683 1279 ‘Sec-tio
722 1224 832 1278 III.
904 1225 1274 1276 Pnunnnox.
1347 1218 1710 1275 Connectivum
1759 1216 1997 1275 antherae
2042 1226 2296 1275 exsertum
2346 1217 2584 1273 incrassa·

436 1321 555 1368 tum
591 1310 780 1367 loculos
815 1307 1096 1366 occultans.

516 1488 614 1551 46.
682 1488 1030 1549 -chavica
1071 1484 1664 1556 corylistaehya.
1749 1480 1892 1543 Tota
1921 1481 2157 1560 glabra,
2194 1480 2357 1543 foliis
2389 1479 2576 1561 petio·

432 1592 568 1653 latis
599 1586 1366 1652 coriaceo·membranaeeis
1395 1584 2126 1666 pellucido-punctulatis,
2166 1584 2578 1664 oblongo-lan-

433 1692 680 1757 ceolatis
695 1737 714 1767 ,
764 1697 942 1751 acute
982 1688 1375 1764 acuminatis,
1427 1688 1555 1748 basi
1602 1687 1927 1748 rotundata
1973 1687 2428 1767 inaequalibus,
2474 1687 2578 1747 in-

433 1793 818 1874 aeqnilateris
834 1838 853 1869 ,
920 1792 1207 1871 utrinque
1266 1791 1897 1871 tri-quinquecostatis
1911 1834 1932 1867 ,
2001 1790 2259 1851 amentis
2311 1790 2580 1851 breviter

433 1894 859 1976 pedunculatis
899 1892 1442 1972 deflexo-pendulis
1489 1892 1812 1971 brevibus,
1863 1892 2253 1953 antherarum
2308 1912 2577 1954 connec-

431 1999 558 2061 tivo
600 2018 792 2060 crasso
833 1998 1004 2077 apice
1038 1994 1670 2076 glanduloso·dilatato
1705 2013 1885 2075 supra
1920 1995 2150 2057 loculos
2183 2015 2414 2058 emerso
2446 2015 2571 2057 eos·

438 2121 559 2183 que
597 2101 960 2162 occultante.

512 2204 813 2265 Habitat
860 2203 928 2262 in
973 2201 1086 2261 ins.
1128 2199 1491 2283 Philippinis
1537 2200 1850 2284 (Cumingl
1902 2199 1970 2259 in
2008 2197 2184 2261 Herb.
2221 2218 2348 2279 reg.
2385 2198 2577 2262 berol.

443 2316 508 2369 et
540 2306 627 2368 De
660 2308 809 2367 Less.
842 2327 908 2367 n.
952 2302 1155 2385 1044.)

502 2430 700 2504 Species
742 2428 1037 2503 singularis,
1079 2428 1274 2483 florum
1320 2446 1478 2484 masc.
1521 2436 1777 2482 structura
1815 2425 2049 2497 (feminei
2085 2424 2252 2481 adhuc
2290 2424 2476 2500 ignoti)
2514 2428 2584 2490 ab

428 2519 663 2574 omnibus
689 2516 925 2573 multum
951 2515 1162 2585 diversa,
1193 2514 1538 2572 verisimiliter
1568 2514 1686 2570 novi
1711 2513 1904 2588 generis
1932 2513 2078 2584 olim,
2105 2522 2397 2587 computata
2419 2516 2580 2572 etiam

424 2605 764 2661 femineorum
793 2615 1073 2673 structura,
1110 2604 1356 2660 condendi
1389 2613 1561 2678 typus.

500 2698 689 2749 Frutex
710 2692 899 2768 glaber.
971 2692 1146 2747 Rami
1178 2691 1350 2746 nodosi
1378 2689 1546 2744 ramul
1554 2688 1674 2762 ique
1705 2696 1911 2754 teretes,
1948 2685 2121 2761 grisei,
2158 2688 2351 2756 striati,
2384 2689 2579 2763 glabri,

433 2782 729 2838 internodiis
770 2786 947 2849 2-2}
997 2790 1137 2836 cent.
1179 2779 1358 2852 longis.
1432 2776 1602 2831 Folia
1630 2775 1828 2830 alterna
1855 2774 2146 2843 suberecta,
2183 2776 2434 2849 petiolis
2461 2778 2583 2833 sub-

426 2870 675 2927 teretibus
716 2872 882 2925 antice
924 2868 1275 2923 canaliculatis
1319 2871 1350 2922 1
1404 2874 1540 2920 cent.
1591 2863 1795 2917 circiter
1844 2863 2007 2936 longis
2053 2872 2280 2919 sustenta
2294 2902 2312 2933 ,
2364 2867 2419 2921 in
2449 2866 2585 2923 sicco

425 2958 1052 3015 coriaceo-membranacea
1068 2995 1087 3025 ,
1149 2956 1312 3011 laevia
1327 2993 1345 3022 ,
1410 2971 1598 3028 parum
1662 2951 1916 3016 nitentia,
1970 2949 2550 3024 pellucido-punctulata
2566 2993 2585 3030 ,

426 3046 970 3122 oblongo-lanceolata,
1024 3043 1425 3118 inaequilatera,
1476 3040 1644 3094 baseos
1694 3037 1974 3112 inaequalis
2019 3057 2123 3094 uno
2165 3038 2322 3094 latere
2361 3046 2395 3109 ᾖ
2444 3051 2582 3101 cent.

429 3132 730 3208 profundius
787 3132 853 3187 ad
897 3131 1147 3205 petiolum
1195 3130 1517 3195 decurrente,
1568 3145 1738 3182 versus
1782 3125 1978 3199 apicem
2027 3125 2212 3180 sensim
2254 3127 2583 3200 acuminata,

428 3224 663 3279 acumine
706 3220 809 3275 fere
836 3230 1168 3286 mucronato,
1205 3216 1521 3292 marginibus
1553 3214 1695 3269 haud
1723 3213 1980 3281 revoluta,
2017 3217 2415 3283 12—12÷—-14
2446 3226 2581 3275 cent.

423 3311 606 3385 longa,
630 3312 918 3375 3}—5—6
952 3307 1096 3376 lata3
1131 3324 1159 3360 e
1189 3325 1344 3361 nervo
1371 3303 1539 3359 medio
1567 3302 1749 3356 subtus
1779 3301 2121 3375 prominente,
2146 3321 2298 3375 supra
2316 3313 2377 3358 ut
2391 3303 2575 3379 reliqui

428 3399 618 3453 lineato
638 3435 657 3465 ‚
705 3397 762 3450 in
790 3397 945 3450 latere
973 3396 1164 3469 majore
1195 3398 1367 3461 4-5,
1402 3392 1457 3446 in
1488 3391 1685 3445 minore
1712 3395 1855 3446 3-4
1884 3400 2048 3444 costae
2077 3389 2141 3444 ad
2172 3397 2205 3454 ᾖ
2236 3391 2331 3447 alt.
2347 3429 2365 3458 ,
2398 3391 2579 3449 subtus

418 3484 777 3559 prominulae,
822 3482 1178 3537 adscendentes
1225 3482 1498 3549 oriuntur;
1545 3496 1781 3551 suprema
1809 3477 2037 3551 cujusvis
2080 3477 2250 3532 lateris
2291 3478 2356 3532 ad
2387 3479 2582 3552 apicem

431 3571 711 3647 percurrit3
767 3569 979 3623 infimae
1025 3569 1275 3623 tenuiores
1325 3577 1378 3622 et
1421 3566 1610 3622 breves.
1683 3567 1868 3640 Pagina
1902 3566 2125 3639 superior
2151 3565 2343 3640 pallide
2373 3567 2581 3644 viridis,

433 3660 642 3715 inferior
661 3658 1103 3732 violaceo-glauca.
1148 3662 1405 3711 Amenta
1426 3675 1608 3711 masc.
1633 3653 1966 3728 oppositifolia
1989 3653 2355 3728 pedunculis
2383 3660 2421 3711 4
2450 3676 2581 3717 mm.

428 3749 595 3823 longis
639 3747 793 3802 affixa
838 3743 1310 3819 deflexo-pendula,
1363 3744 1712 3819 cylindracea,
1763 3745 1979 3816 3;-4}
2014 3754 2146 3799 cent.
2175 3745 2375 3800 circiter
2402 3744 2588 3821 longa,

433 3839 573 3912 apice
601 3844 934 3901 mucronata,
970 3838 1004 3889 4
1036 3852 1166 3890 mm.
1198 3852 1391 3901 crassa,
1427 3832 1628 3889 sordide
1659 3831 1831 3900 fusca,
1863 3830 2034 3910 Ceryli
2065 3833 2338 3888 Avellanae
2366 3836 2586 3891 amentis

432 3925 691 3981 defloratis
720 3921 859 3977 haud
893 3921 1170 3976 absimilia.
1197 3973 1208 3986 ,
1244 3921 1493 3976 Florum
1516 3928 1777 3975 structura
1800 3919 2087 3992 singularis
2159 3925 2447 3976 Bracteae
2474 3922 2581 3995 pel-

433 4023 597 4079 tatae,
633 4009 874 4086 pedioello
900 4008 1073 4076 brevi,
1106 4008 1243 4081 pelta
1274 4028 1477 4063 carnosa
1502 4008 1653 4083 gland
1662 4007 1987 4075 alosa-fusca,
2024 4007 2225 4083 glabra,
2245 4008 2587 4080 subrotunda,

437 4099 757 4176 marginibus
786 4105 1054 4152 extenuata
1083 4114 1142 4149 ac
1173 4096 1368 4149 erosula
1389 4135 1406 4164 ,
1441 4096 1594 4168 peltis
1621 4095 1771 4150 initio
1801 4094 2115 4161 imbricatis,
2150 4095 2269 4150 dein
2298 4094 2584 4154 horizonta-

434 4190 554 4244 liter
575 4186 872 4262 patentibus
892 4195 945 4241 ct
967 4182 1363 4259 persistentibus,
1436 4183 1723 4238 Stamina
1748 4193 1809 4237 ut
1831 4181 2037 4237 videtur
2058 4182 2176 4239 duo.
2226 4182 2581 4244 Filamenta

434 4276 688 4350 elongata,
725 4275 953 4330 bracteas
985 4270 1300 4346 superantia,
1337 4269 1447 4324 basi
1477 4268 2221 4325 lato—membranaceo-dilatata
2248 4271 2391 4346 quasi
2411 4272 2548 4331 alata
2562 4318 2581 4346 ,

436 4383 601 4422 versus
641 4363 836 4439 apicem
880 4359 1152 4420 subteretia
1186 4366 1237 4414 et
1264 4357 1479 4414 demum
1504 4359 1563 4414 in
1591 4359 2022 4415 connectivum
2052 4378 2276 4419 crassum
2308 4361 2446 4440 apice
2473 4363 2579 4444 pcl-
