3153 5134
1414 378 1543 443 395

424 578 610 636 sensim
663 585 992 635 attenuatum
1054 576 1259 652 ipsoque
1315 575 1458 650 apice
1523 574 1906 630 notatiunculam
1922 613 1942 645 ,
1978 575 2214 650 adspectu
2270 575 2567 653 lato-nigro7

425 673 477 740 (e
490 668 676 739 baccis)
701 678 756 722 et
782 666 1164 738 luteo-fusco-(e
1189 665 1427 736 bracteis)
1451 664 1978 739 spirali-annulatum.
2054 670 2343 723 Bracteae
2364 686 2569 731 sursum
2603 690 2608 699 ’

427 745 948 824 cucullato-inflexae,
972 756 1113 830 apice
1134 753 1650 823 subconchaeformes,
1675 758 1859 811 vertice
1884 752 2578 831 subtriangulari·truncatae

427 844 756 918 margineque
812 844 1160 917 irregulariter
1220 843 1538 917 longiuscule
1595 843 1827 913 ciliatae,
1880 844 2215 918 persistentes,
2265 845 2575 921 demumque

432 932 691 987 bracteam
734 931 1035 1007 simpliciter
1073 931 1321 1006 Peltatam
1366 930 1651 987 referentes.
1749 936 1971 987 Baccae
2011 933 2216 1007 glabrae
2258 933 2579 989 densissimae

427 1021 654 1077 bracteas
684 1021 823 1077 baud
851 1030 1169 1095 superantes,
1203 1019 1701 1094 parallelopipedeae,
1736 1040 1768 1075 a
1795 1020 2041 1075 lateribus
2071 1021 2216 1078 valde
2242 1038 2573 1096 compressae,

428 1111 635 1164 omnino
663 1120 724 1164 ut
753 1111 808 1164 in
838 1114 898 1164 Α.
931 1106 1298 1184 magnifica,
1335 1108 1654 1164 umbonatae.
1689 1110 1809 1179 (sec.
1837 1128 1913 1184 sp.
1940 1109 2095 1182 Poit.)

501 1201 725 1276 Speciem
757 1219 788 1254 a
816 1198 884 1255 cl.
915 1213 1093 1253 numu
1126 1196 1452 1271 descriptam,
1489 1196 1555 1250 ad
1584 1207 1810 1251 nostram
1839 1196 2158 1252 referendam
2189 1215 2323 1264 esse,
2353 1197 2571 1252 suadent

430 1288 532 1344 fere
565 1307 736 1343 omnes
763 1287 1072 1341 characteres
1086 1329 1102 1354 ,
1142 1286 1385 1357 exceptis:
1411 1284 1534 1338 folia
1563 1284 1967 1353 membranacea,
2001 1283 2355 1359 epunctulata‚
2391 1287 2572 1340 nostris

432 1377 608 1450 paullo
651 1374 967 1449 angustiora,
1015 1382 1068 1427 et
1110 1382 1316 1426 amenta
1362 1370 1494 1426 foliis
1538 1380 1570 1444 ξ
1603 1373 1872 1444 brevioria3
1907 1393 2037 1449 quae
2062 1384 2233 1428 autem
2263 1372 2577 1429 differentiae

428 1474 546 1520 tuto
592 1465 913 1539 explicandae
956 1463 1194 1518 videntur
1238 1481 1298 1515 ex
1346 1463 1526 1517 aetatis
1567 1462 1867 1517 differentiis
1882 1502 1899 1530 ,
1936 1481 2057 1518 cum
2101 1472 2272 1517 nostra
2298 1462 2572 1536 specimina

432 1562 635 1607 matura
681 1572 741 1607 ac
782 1551 1031 1606 baccifera
1049 1589 1067 1619 ,
1103 1549 1402 1605 Kunthiana
1428 1550 1631 1624 juniora
1656 1570 1715 1605 ac
1742 1550 1978 1621 florentia
2005 1548 2229 1605 fuissent.
2304 1554 2573 1606 Kunrmus

433 1647 469 1696 3
500 1642 742 1715 stigmata
773 1641 920 1697 vidit.

535 1825 631 1887 17.
732 1827 1110 1886 Artanthe
1162 1828 1806 1895 riehardlaefolla.
1888 1827 2076 1908 Piper
2121 1825 2360 1887 Kanth!
2412 1824 2570 1884 olim.

445 1929 767 2008 Steffensia
821 1929 1030 2010 ejusd!
1086 1929 1155 1987 in
1212 1929 1483 1988 Limnaee
1533 1930 1571 1988 1.
1622 1951 1674 1989 c.
1715 1949 1778 2010 p.
1815 1926 1953 1990 668.
2030 1927 2298 1989 Ramulis
2330 1927 2572 2006 petiolis

439 2031 720 2110 foliisque
747 2051 928 2111 supra
954 2030 1202 2109 glabris,
1225 2031 1317 2090 his
1343 2030 2127 2092 coriaceo-membranaceis
2143 2030 2570 2091 obsoletissime

431 2133 1176 2215 pellucido-punctulatis,
1217 2134 1697 2215 ovato-ellipticis
1730 2134 1994 2195 breviter
2020 2134 2402 2210 acuminatis,
2444 2134 2572 2194 basi

438 2238 616 2298 valde
650 2236 1051 2316 inaequaliter
1085 2235 1387 2316 profunde
1420 2237 1705 2313 cordatis,
1752 2239 1959 2298 subtus
1994 2236 2062 2296 in
2098 2238 2334 2297 venulis
2365 2258 2570 2299 versus

432 2341 734 2419 margines
764 2340 1148 2400 subtilissime
1180 2340 1519 2419 puberulis,
1549 2341 1724 2401 costis
1754 2340 2041 2420 utrinque
2071 2360 2261 2420 usque
2291 2339 2369 2400 ad
2404 2341 2436 2422 ξ
2469 2342 2571 2403 alt.

439 2442 628 2517 6—8‚
654 2443 894 2521 petiolis
918 2443 1047 2503 fere
1083 2444 1221 2503 totis
1254 2444 1789 2523 stipulaceo-alatis
1814 2442 2231 2522 pedunculum
2251 2445 2446 2503 multo
2473 2466 2579 2506 su-

436 2545 787 2624 perantibus
803 2590 822 2619 ‚
864 2546 1119 2606 amentis
1148 2547 1363 2606 erectis
1396 2546 1614 2607 folium
1650 2546 2102 2626 superantibus,
2142 2545 2399 2607 bracteis
2428 2548 2576 2609 sub-

438 2648 999 2709 conchaeformibus
1030 2648 1307 2709 ciliolatis
1323 2694 1342 2726 ,
1382 2647 1757 2727 stigmatibus
1789 2649 1827 2707 3
1861 2648 2462 2711 filisormi-subulatis.

519 2752 827 2812 Habitat
892 2752 960 2812 in
1029 2750 1275 2813 Brasilia
1326 2751 1712 2813 meridionali
1759 2750 2038 2834 (Sellowl
2098 2751 2167 2812 in
2216 2754 2395 2814 llerb.
2449 2775 2573 2836 reg.

433 2853 648 2935 berol.)

506 2983 709 3034 Frutex.
785 2980 1039 3034 Ramuli
1064 2980 1302 3035 exsiccati
1330 2979 1427 3035 tri·
1452 2979 1535 3035 vel
1561 2979 1838 3054 tetragoni,
1872 2979 2130 3048 striulati,
2165 2979 2357 3054 glabri,
2385 2980 2571 3056 laeves,

432 3069 729 3125 internodiis
757 3073 935 3125 6-10
951 3079 1081 3127 cent.
1105 3070 1283 3144 longis.
1347 3071 1518 3127 Folia
1545 3070 2190 3137 coriaceo-membranacea,
2218 3069 2577 3128 obsoletissime

431 3157 1012 3233 pellucido-punctulata
1030 3197 1048 3226 ,
1099 3176 1251 3233 supra
1295 3159 1601 3232 glaber-rima
1615 3200 1632 3228 ,
1683 3159 1875 3229 laevia,
1927 3178 2102 3234 opaca,
2152 3159 2342 3214 subtus
2382 3159 2572 3217 susces-

429 3245 797 3313 centi-viridia,
824 3245 1024 3319 glabra,
1061 3247 1118 3300 in
1149 3247 1347 3302 venulis
1376 3259 1550 3303 autem
1582 3269 1754 3304 versus
1779 3249 2030 3323 margines
2059 3268 2217 3322 quam
2244 3247 2571 3306 subtilissime

424 3333 676 3408 puberula
689 3371 708 3400 ,
762 3335 1148 3409 ovato-oblonga
1195 3335 1417 3391 breviter
1443 3337 1736 3392 acuminata
1751 3376 1767 3403 ‚
1800 3336 2037 3391 acumine
2064 3334 2430 3403 obtusiusculo,
2460 3336 2568 3394 basi

426 3420 575 3476 valde
621 3423 956 3498 inaequaliter
1000 3424 1251 3499 profunde
1291 3424 1521 3493 cordata,
1542 3425 1678 3480 -lobo
1707 3425 1902 3480 minore
1928 3422 2326 3479 lato-rotundato
2355 3425 2534 3496 patulo
2547 3465 2565 3494 ,

428 3509 623 3582 majore
655 3519 736 3564 ter
764 3509 1007 3583 longiore,
1035 3511 1438 3585 perpendiculari
1467 3514 1716 3586 petiolum
1743 3533 1830 3587 pro
1858 3523 2000 3586 parte
2025 3511 2312 3586 obtegente,
2342 3515 2565 3571 24-27

432 3606 561 3651 cent.
581 3598 766 3672 longa,
792 3601 1165 3669 11—131ata,
1201 3601 1460 3676 petiolis
1490 3602 1597 3657 fere
1618 3602 1737 3657 totis
1762 3600 2344 3668 membranaceo-alatis,
2378 3600 2570 3675 glabris

429 3689 581 3741 6-7
627 3697 761 3742 cent.
810 3686 974 3761 longis
1018 3688 1123 3743 basi
1163 3688 1617 3762 amplexicaulibus
1646 3700 1890 3746 sustenta.
1962 3693 2005 3744 E
2036 3707 2189 3744 nervo
2215 3688 2378 3743 medio
2406 3708 2570 3760 crassq

429 3785 755 3847 percurrente
782 3776 1025 3849 utrinque
1057 3796 1218 3852 usque
1230 3777 1343 3853 ad}
1374 3777 1575 3833 circiter
1600 3777 1892 3833 altitudinis
1918 3781 2061 3832 6-8
2091 3786 2254 3832 costae
2282 3776 2478 3851 patulo·
2479 3778 2591 3834 ad-

425 3863 713 3917 scendentes
754 3864 1021 3931 oriuntur,
1077 3884 1300 3938 quarum
1333 3871 1478 3921 3-5
1513 3865 1594 3937 (in
1627 3859 1783 3920 latere
1812 3865 2026 3939 majore)
2056 3863 2156 3918 tere
2185 3884 2213 3919 e
2243 3864 2351 3919 basi
2389 3876 2558 3935 ortae3

430 3969 636 4008 summa
687 3950 1003 4023 reliquarum
1050 3970 1140 4023 per
1183 3961 1515 4007 anastomoses
1563 3951 1660 4006 fere
1706 3952 1772 4007 ad
1814 3952 2009 4027 apicem
2051 3952 2275 4006 ducitur.
2346 3955 2572 4026 Superne

431 4038 682 4091 tenuiores
729 4036 945 4091 costulae
991 4038 1155 4111 magis
1197 4040 1416 4112 patulae.
1504 4044 1690 4095 Omnes
1738 4059 1956 4094 ramosae
1991 4039 2256 4094 reticulate
2285 4049 2567 4096 anastomo-

431 4135 596 4179 santes
615 4165 632 4193 ,
682 4126 1081 4181 anastomosibus
1125 4127 1538 4200 prominentibus.
1633 4133 1811 4183 Amen
1824 4138 1884 4182 ta
1915 4126 2270 4194 erectiuscula,
2323 4136 2460 4181 recta
2488 4128 2569 4183 vel

430 4212 828 4269 cernuo—deflexa
845 4252 862 4280 ,
927 4214 1205 4289 cylindrica
1222 4253 1241 4282 ,
1304 4215 1436 4269 inter
1482 4216 1658 4271 affines
1701 4216 1907 4280 tenuia,
1954 4221 2169 4271 25—32
2216 4224 2347 4269 cent.
2389 4214 2568 4289 longa,

431 4307 577 4357 3-4
610 4321 738 4358 mm.
779 4323 968 4374 crassa,
994 4304 1372 4379 pedunculis
1399 4311 1470 4377 2}
1501 4314 1631 4359 cent.
1664 4304 1825 4379 longis
1857 4304 2043 4378 glabris
2070 4314 2312 4359 sustenta.
2364 4305 2572 4360 Flores

435 4390 685 4463 spiraliter
710 4390 958 4465 dispositi.
1031 4398 1318 4449 Bracteae
1347 4392 1621 4459 coriaceae,
1657 4390 1862 4460 breves,
1886 4390 2435 4465 inflexo-subpeltatae,
2467 4412 2574 4449 ver-
