3153 5134
1422 330 1554 393 215

392 538 626 598 semine
668 531 939 599 cnuthi-mi,
984 529 1093 585 basi
1140 534 1392 601 protracta
1455 522 1789 580 umbilicitbra
1808 563 1827 593 ‚
1879 533 2036 580 testa
2096 525 2244 600 nigra
2289 535 2546 583 erustacea

400 625 660 681 foveolata.
1196 654 1207 663 ,

469 716 650 776 Usus,
702 710 759 763 in
801 703 1132 773 Amboina,
1166 710 1292 758 teste
1333 713 1566 756 nummo
1603 716 1764 754 rarus.
1837 697 2013 755 Folia
2041 700 2106 755 ad
2133 719 2345 759 succum
2373 723 2404 759 e
2430 707 2545 761 Ha·

386 802 539 877 jang
567 797 831 853 vulnerato
857 792 1147 848 effluentem
1191 786 1536 862 colligendum
1573 786 1882 842 inserviunt.
1954 792 2018 842 In
2053 789 2281 865 Baleya
2308 801 2361 847 et
2390 797 2545 849 Java

392 886 517 943 folia
562 882 720 939 cruda
763 890 818 936 et
858 900 990 956 aqua
1037 877 1209 953 tepida
1245 885 1501 932 macerata
1531 873 1696 928 instar
1725 872 1874 928 oleris
1900 875 2275 950 comeduntup3
2311 877 2463 935 stim
2489 888 2546 936 et

392 983 567 1049 potata
610 971 694 1028 vel
736 989 861 1026 eum
903 968 1059 1023 Aniso
1105 965 1329 1022 contrita
1373 962 1606 1019 homines
1648 962 1794 1036 lapsu
1839 963 1984 1019 intus
2028 966 2318 1023 vulneratos
2343 977 2545 1027 eui-ant.

392 1062 541 1117 Pueri
590 1068 832 1115 amenta
876 1066 1085 1112 matura
1113 1054 1255 1108 lutea
1288 1051 1482 1119 edunt3
1531 1069 1655 1105 cum
1697 1049 1967 1125 Pinanga
2011 1063 2190 1109 eontra
2218 1057 2379 1112 tussia
2408 1074 2541 1111 mas-

390 1151 633 1225 ticantur.
702 1150 892 1202 Nomen
936 1141 1270 1199 vernaculum
1320 1136 1645 1193 amboinense
1681 1134 1808 1195 inde
1854 1136 2171 1207 derivatum,
2221 1139 2361 1214 quod
2406 1140 2543 1198 ibffig

392 1247 568 1293 contra
605 1245 756 1292 testes
796 1241 1055 1290 tumentes
1098 1238 1339 1284 utuntur.
1431 1228 1580 1280 Tota
1622 1224 1811 1281 herba
1838 1245 1961 1281 eum
1989 1237 2127 1283 aceto
2157 1236 2209 1283 et
2236 1247 2370 1303 aqua
2398 1238 2540 1284 oocta

396 1325 550 1382 ascite
578 1321 809 1377 medetur
834 1330 888 1375 et
917 1318 971 1374 vi
996 1314 1285 1372 vulneraria
1312 1312 1484 1388 pollet.

483 1501 544 1560 V
537 1501 755 1559 avietae
807 1492 1212 1574 microphylla.
1310 1490 1487 1551 Foliis
1531 1489 1777 1550 brevius
1820 1489 2121 1569 petiolatis
2169 1491 2543 1553 cordato-ro-

401 1602 666 1663 tundatis
698 1598 965 1658 breviter
998 1592 1586 1669 acuto-acuminati8‚
1621 1591 2148 1669 11—13·nerviiS,
2178 1593 2541 1672 spat-sissimo

399 1706 466 1765 in
500 1703 701 1763 nervis
731 1698 1076 1779 puberum,
1118 1696 1371 1756 amentis
1402 1692 1865 1773 2-——3-staehyis.

481 1805 777 1866 Habitat
812 1801 877 1860 in
914 1801 1023 1859 ins.
1059 1798 1434 1876 Madagasear
1469 1795 1770 1877 (Goudot!
1815 1795 1882 1853 in
1916 1795 2092 1856 Herb.
2127 1794 2211 1855 De
2248 1795 2430 1877 Less.)

471 1928 660 1985 Differt
702 1946 734 1981 a
777 1923 937 1998 specie
981 1931 1176 1978 statura
1223 1920 1457 1975 omnium
1503 1919 1736 1992 partium
1780 1918 1992 1974 minore.
2064 1918 2270 1973 Caulis
2299 1919 2513 1974 striatus
2532 1960 2550 1988 ‚

398 2019 607 2075 nodosus
627 2055 644 2084 ‚
696 2013 904 2090 glaber,
956 2010 1177 2085 petioli
1225 2014 1367 2065 4—9
1405 2018 1540 2064 cent.
1565 2008 1741 2082 longi,
1775 2006 2040 2080 subglabri
2059 2046 2076 2075 ‚
2109 2008 2217 2062 ima
2244 2007 2352 2062 basi
2380 2027 2545 2062 mem·

398 2107 642 2162 branacea
672 2101 966 2175 vaginantes
983 2138 1000 2166 ‚
1034 2097 1271 2153 lamina
1300 2099 1512 2150 10—11
1547 2105 1682 2149 cent.
1709 2094 1860 2167 longa
1885 2103 1937 2149 et
1975 2093 2082 2148 lata
2128 2094 2548 2168 profundiuseule

398 2194 601 2250 cordata
621 2231 639 2261 ‚
686 2190 811 2245 lobis
856 2186 1147 2243 rotundatis
1190 2182 1572 2257 divergentibus
1617 2182 1699 2236 vel
1738 2181 2158 2254 eonvergentibus
2176 2221 2193 2248 ,
2228 2182 2370 2255 apice
2399 2193 2551 2237 acuto

400 2282 750 2355 subprotracto
763 2317 780 2346 ‚
814 2275 989 2331 crebro
1016 2271 1608 2349 pellucido-punctulosa.
1652 2268 1814 2324 Pubes
1842 2268 2042 2322 fuscula
2068 2269 2126 2322 in
2149 2270 2332 2326 nervis,
2379 2273 2553 2325 Brae-

402 2380 536 2424 teae
562 2378 615 2422 et
642 2367 860 2422 baccae
894 2362 1042 2418 utin
1080 2361 1258 2436 speeie.
1345 2356 1688 2413 Peduneuli
1717 2355 1915 2423 breves,
1953 2355 2316 2430 pedioellorum
2348 2357 2554 2412 circiter

399 2456 751 2532 longitudini&

488 2628 708 2689 Adnot.
748 2621 843 2681 Ad
869 2621 1028 2680 hano
1045 2616 1306 2697 speeiem
1330 2612 1723 2674 referendum
1745 2611 1845 2671 vel
1861 2630 1971 2689 pro
1983 2609 2145 2670 affini
2162 2610 2541 2673 habendum:

482 2725 674 2802 Piper
710 2716 1147 2801 grandisolium
1194 2709 1501 2770 Eokeland
1545 2706 1706 2786 apud
1751 2705 1954 2785 Afzel.
1991 2706 2077 2785 pl.
2120 2706 2295 2787 guin.
2339 2740 2421 2755 —
2464 2709 2545 2772 P.

408 2825 800 2909 Afzelianum
827 2822 1030 2880 Roem.
1060 2828 1116 2876 et
1146 2812 1368 2875 Schult.
1397 2813 1474 2871 P.
1497 2808 1938 2893 grandffolium
1966 2808 2045 2867 D.
2077 2808 2273 2870 Dietr.
2293 2809 2544 2890 Eneyel.

408 2931 464 2991 d.
515 2931 639 3008 Pfl.
683 2926 738 2985 I.
785 2946 851 3004 p.
899 2920 1032 2981 123.
1133 2916 1484 2998 Peperomia
1546 2912 1625 2973 A.
1691 2911 1884 2971 Dietr.
1966 2911 2152 2971 Caule
2197 2912 2545 2991 suberecto,

405 3034 698 3107 flexuoso,
729 3045 990 3105 superne
1021 3023 1402 3102 pubescente,
1436 3016 1597 3077 foliis
1622 3013 2374 3092 subeordato·orbieulati8,
2405 3034 2545 3075 aeu-

410 3135 656 3196 minatis
664 3178 687 3211 ,
724 3128 1082 3202 reticulatis»,
1123 3122 1377 3185 amentis
1412 3117 1771 3179 umbellatis.

492 3237 791 3299 Habitat
827 3233 894 3291 in
929 3230 1125 3290 Sierra
1154 3228 1353 3287 Leone
1388 3221 1589 3305 (Asz.).
1670 3216 1921 3280 Caulis
1953 3218 2266 3299 bipedalis.

493 3444 591 3505 10.
673 3436 1278 3507 Ροῐιιοιιιοηὼω
1315 3431 1759 3489 mollissima
1793 3426 1936 3504 Miq.
1968 3426 2005 3485 l.
2035 3447 2086 3487 c.
2108 3447 2173 3506 p.
2207 3423 2302 3485 46.
2358 3424 2550 3503 Piper

410 3547 658 3612 Blume!
715 3543 886 3604 Verh.
928 3540 1147 3599 Batav.
1197 3533 1464 3592 Genoots.
1520 3530 1680 3589 Tom.
1725 3527 1839 3588 XI.
1874 3549 1940 3607 p.
1990 3526 2130 3587 223.
2211 3526 2428 3585 Enum.
2455 3524 2545 3605 pl.

411 3652 607 3713 Juvae
636 3650 799 3729 fasc.
852 3645 903 3704 Ι.
940 3664 1004 3723 p.
1046 3638 1144 3699 73.
1223 3635 1402 3696 Foliis
1435 3629 2055 3699 orbiculato-cordatis
2089 3628 2358 3689 breviter
2395 3647 2546 3689 aeu-

411 3750 656 3813 minatis
687 3750 984 3827 quinque·
1018 3742 1117 3803 vel
1151 3735 1605 3819 septemnerviis
1637 3754 1815 3813 supra
1849 3731 2100 3811 glabri8‚
2136 3733 2346 3792 subtus
2374 3750 2545 3811 prae·

411 3865 506 3917 ter
539 3851 878 3930 marginem
913 3845 1485 3923 subeartilagineum
1520 3838 1870 3899 mollissime
1901 3837 2261 3897 tomentosiS.

485 3985 646 4035 leon.
676 3974 857 4030 Blume
884 3971 924 4027 1.
954 3975 1042 4025 cit.
1074 3970 1168 4043 fig.
1198 3974 1269 4023 30
1300 3968 1547 4039 (folium).
1575 3969 1854 4019 Comment.
1884 3960 2033 4035 phyt.
2063 3960 2187 4015 Tab.
2216 3962 2285 4013 VI
2314 3957 2407 4030 fig.
2431 3961 2496 4012 A.

499 4116 797 4186 Habitat
832 4112 898 4171 in
930 4108 1126 4169 insula
1157 4108 1303 4167 Java
1334 4106 1409 4166 ad
1444 4112 1711 4165 montem
1743 4102 1976 4179 Pal-ang
2008 4108 2066 4159 et
2101 4099 2167 4157 in
2199 4094 2546 4156 declivitate

418 4220 670 4284 humida
712 4216 933 4278 montis
965 4212 1168 4285 Salak,
1213 4208 1427 4268 ineolis
1459 4205 1773 4266 Sundaieis
1807 4203 2008 4263 Daun
2048 4208 2069 4259 t
2074 4201 2331 4279 jepear
2363 4196 2542 4257 dieta.

415 4324 681 4404 (Blumel
728 4320 794 4379 in
832 4315 1008 4378 llerb.
1044 4309 1233 4391 Lugd.
1269 4306 1419 4385 Bat.)
