<?xml version="1.0" encoding="UTF-8"?>
<!DOCTYPE html PUBLIC "-//W3C//DTD XHTML 1.0 Transitional//EN"
    "http://www.w3.org/TR/xhtml1/DTD/xhtml1-transitional.dtd">
<html xmlns="http://www.w3.org/1999/xhtml" xml:lang="en" lang="en">
 <head>
  <title>
</title>
<meta http-equiv="Content-Type" content="text/html;charset=utf-8" />
  <meta name='ocr-system' content='tesseract 3.04.00' />
  <meta name='ocr-capabilities' content='ocr_page ocr_carea ocr_par ocr_line ocrx_word'/>
</head>
<body>
  <div class='ocr_page' id='page_1' title='image "./systemapiperace00migugoog_0174.png"; bbox 0 0 3153 5134; ppageno 0'>
   <div class='ocr_carea' id='block_1_1' title="bbox 1551 334 1742 427">
    <p class='ocr_par' dir='ltr' id='par_1_1' title="bbox 1551 334 1742 427">
     <span class='ocr_line' id='line_1_1' title="bbox 1551 334 1742 427; baseline -0.005 -32"><span class='ocrx_word' id='word_1_1' title='bbox 1551 334 1679 396; x_wconf 86' lang='lat'><strong>160</strong></span> <span class='ocrx_word' id='word_1_2' title='bbox 1741 422 1742 427; x_wconf 7' lang='grc' dir='ltr'><strong><em>Ν</em></strong></span> 
     </span>
    </p>
   </div>
   <div class='ocr_carea' id='block_1_2' title="bbox 540 526 2683 1024">
    <p class='ocr_par' dir='ltr' id='par_1_2' title="bbox 540 526 2683 1024">
     <span class='ocr_line' id='line_1_2' title="bbox 545 526 2681 613; baseline -0.001 -19"><span class='ocrx_word' id='word_1_3' title='bbox 545 536 704 595; x_wconf 82' lang='lat' dir='ltr'><strong>tibus</strong></span> <span class='ocrx_word' id='word_1_4' title='bbox 736 533 1038 594; x_wconf 86' lang='lat' dir='ltr'><strong>Jamaicae</strong></span> <span class='ocrx_word' id='word_1_5' title='bbox 1066 531 1309 613; x_wconf 76' lang='lat' dir='ltr'><strong>(Wilesl</strong></span> <span class='ocrx_word' id='word_1_6' title='bbox 1356 531 1421 591; x_wconf 89' lang='lat' dir='ltr'><strong>iu</strong></span> <span class='ocrx_word' id='word_1_7' title='bbox 1448 530 1629 590; x_wconf 89' lang='lat' dir='ltr'><strong>Herb.</strong></span> <span class='ocrx_word' id='word_1_8' title='bbox 1654 529 1738 588; x_wconf 88' lang='lat' dir='ltr'><strong>De</strong></span> <span class='ocrx_word' id='word_1_9' title='bbox 1766 526 1974 609; x_wconf 80' lang='lat' dir='ltr'><strong>Less.),</strong></span> <span class='ocrx_word' id='word_1_10' title='bbox 2018 528 2086 586; x_wconf 88' lang='lat' dir='ltr'><strong>in</strong></span> <span class='ocrx_word' id='word_1_11' title='bbox 2115 527 2370 605; x_wconf 79' lang='lat' dir='ltr'>rupibus</span> <span class='ocrx_word' id='word_1_12' title='bbox 2401 528 2480 587; x_wconf 88' lang='lat' dir='ltr'><strong>ad</strong></span> <span class='ocrx_word' id='word_1_13' title='bbox 2517 529 2681 591; x_wconf 87' lang='grc'><strong>3000</strong></span> 
     </span>
     <span class='ocr_line' id='line_1_3' title="bbox 540 628 2683 713; baseline -0.002 -16"><span class='ocrx_word' id='word_1_14' title='bbox 540 639 642 698; x_wconf 87' lang='lat' dir='ltr'><strong>alt.</strong></span> <span class='ocrx_word' id='word_1_15' title='bbox 681 659 762 698; x_wconf 90' lang='lat' dir='ltr'><strong>m.</strong></span> <span class='ocrx_word' id='word_1_16' title='bbox 802 636 1270 699; x_wconf 85' lang='lat' dir='ltr'><strong>Cordillerorum</strong></span> <span class='ocrx_word' id='word_1_17' title='bbox 1318 633 1531 694; x_wconf 81' lang='lat' dir='ltr'><strong>Mexici</strong></span> <span class='ocrx_word' id='word_1_18' title='bbox 1583 630 1899 713; x_wconf 71' lang='lat' dir='ltr'><strong>(Galeottil</strong></span> <span class='ocrx_word' id='word_1_19' title='bbox 1958 651 2017 689; x_wconf 89' lang='lat' dir='ltr'><strong>n.</strong></span> <span class='ocrx_word' id='word_1_20' title='bbox 2071 628 2232 691; x_wconf 90' lang='grc'><strong>6000</strong></span> <span class='ocrx_word' id='word_1_21' title='bbox 2269 631 2336 690; x_wconf 90' lang='lat' dir='ltr'><strong>in</strong></span> <span class='ocrx_word' id='word_1_22' title='bbox 2378 631 2558 693; x_wconf 86' lang='lat' dir='ltr'><strong>Herb.</strong></span> <span class='ocrx_word' id='word_1_23' title='bbox 2598 633 2683 692; x_wconf 82' lang='lat' dir='ltr'><strong>De</strong></span> 
     </span>
     <span class='ocr_line' id='line_1_4' title="bbox 542 733 2677 819; baseline -0.001 -20"><span class='ocrx_word' id='word_1_24' title='bbox 542 738 747 819; x_wconf 82' lang='lat' dir='ltr'><strong>Less.),</strong></span> <span class='ocrx_word' id='word_1_25' title='bbox 780 741 846 800; x_wconf 91' lang='lat' dir='ltr'><strong>in</strong></span> <span class='ocrx_word' id='word_1_26' title='bbox 878 739 1107 800; x_wconf 86' lang='lat' dir='ltr'><strong>truncis</strong></span> <span class='ocrx_word' id='word_1_27' title='bbox 1134 739 1419 798; x_wconf 87' lang='lat' dir='ltr'><strong>arborum</strong></span> <span class='ocrx_word' id='word_1_28' title='bbox 1449 743 1821 795; x_wconf 85' lang='lat' dir='ltr'><strong>vetustarum</strong></span> <span class='ocrx_word' id='word_1_29' title='bbox 1849 752 2040 811; x_wconf 87' lang='lat' dir='ltr'><strong>prope</strong></span> <span class='ocrx_word' id='word_1_30' title='bbox 2067 733 2341 812; x_wconf 80' lang='lat' dir='ltr'><strong>Jalapam</strong></span> <span class='ocrx_word' id='word_1_31' title='bbox 2368 734 2677 817; x_wconf 73' lang='lat' dir='ltr'><strong>(Schiedel</strong></span> 
     </span>
     <span class='ocr_line' id='line_1_5' title="bbox 543 814 2679 920; baseline -0.002 -19"><span class='ocrx_word' id='word_1_32' title='bbox 543 843 610 902; x_wconf 79' lang='lat' dir='ltr'><strong>in</strong></span> <span class='ocrx_word' id='word_1_33' title='bbox 655 843 829 903; x_wconf 66' lang='lat' dir='ltr'><strong>sarh.</strong></span> <span class='ocrx_word' id='word_1_34' title='bbox 870 842 1057 903; x_wconf 74' lang='lat' dir='ltr'><strong>herol.</strong></span> <span class='ocrx_word' id='word_1_35' title='bbox 1091 842 1353 900; x_wconf 74' lang='lat' dir='ltr'><strong>Linnaea</strong></span> <span class='ocrx_word' id='word_1_36' title='bbox 1387 839 1451 897; x_wconf 80' lang='lat' dir='ltr'><strong>v,</strong></span> <span class='ocrx_word' id='word_1_37' title='bbox 1487 857 1547 917; x_wconf 83' lang='lat' dir='ltr'><strong>p.</strong></span> <span class='ocrx_word' id='word_1_38' title='bbox 1585 836 1736 917; x_wconf 86' lang='lat'><strong>75.),</strong></span> <span class='ocrx_word' id='word_1_39' title='bbox 1780 837 1846 896; x_wconf 79' lang='lat' dir='ltr'><strong>in</strong></span> <span class='ocrx_word' id='word_1_40' title='bbox 1879 837 2044 897; x_wconf 80' lang='lat' dir='ltr'><strong>Nova</strong></span> <span class='ocrx_word' id='word_1_41' title='bbox 2077 814 2405 897; x_wconf 66' lang='lat' dir='ltr'><strong>Andalffsia</strong></span> <span class='ocrx_word' id='word_1_42' title='bbox 2437 837 2679 920; x_wconf 79' lang='lat' dir='ltr'><strong>(numh.</strong></span> 
     </span>
     <span class='ocr_line' id='line_1_6' title="bbox 547 938 1704 1024; baseline -0.007 -19"><span class='ocrx_word' id='word_1_43' title='bbox 547 953 608 1005; x_wconf 83' lang='lat' dir='ltr'><strong>et</strong></span> <span class='ocrx_word' id='word_1_44' title='bbox 640 944 882 1024; x_wconf 85' lang='lat' dir='ltr'><strong>Bonpl.!</strong></span> <span class='ocrx_word' id='word_1_45' title='bbox 925 944 968 1005; x_wconf 91' lang='lat' dir='ltr'><strong>l.</strong></span> <span class='ocrx_word' id='word_1_46' title='bbox 1011 962 1061 1003; x_wconf 93' lang='lat' dir='ltr'><strong>c.</strong></span> <span class='ocrx_word' id='word_1_47' title='bbox 1103 951 1165 1002; x_wconf 86' lang='lat' dir='ltr'><strong>et</strong></span> <span class='ocrx_word' id='word_1_48' title='bbox 1204 943 1269 1001; x_wconf 91' lang='lat' dir='ltr'><strong>in</strong></span> <span class='ocrx_word' id='word_1_49' title='bbox 1310 941 1421 1002; x_wconf 85' lang='lat' dir='ltr'><strong>Hb.</strong></span> <span class='ocrx_word' id='word_1_50' title='bbox 1462 938 1704 1020; x_wconf 89' lang='lat' dir='ltr'><strong>Willd.)</strong></span> 
     </span>
    </p>
   </div>
   <div class='ocr_carea' id='block_1_3' title="bbox 539 1088 2707 3280">
    <p class='ocr_par' dir='ltr' id='par_1_3' title="bbox 539 1088 2688 1610">
     <span class='ocr_line' id='line_1_7' title="bbox 618 1088 2684 1169; baseline -0.003 -18"><span class='ocrx_word' id='word_1_51' title='bbox 618 1098 811 1169; x_wconf 74' lang='lat' dir='ltr'><strong>Species</strong></span> <span class='ocrx_word' id='word_1_52' title='bbox 854 1117 885 1151; x_wconf 91' lang='lat' dir='ltr'><strong>a</strong></span> <span class='ocrx_word' id='word_1_53' title='bbox 930 1109 1186 1150; x_wconf 63' lang='lat' dir='ltr'><strong>numano</strong></span> <span class='ocrx_word' id='word_1_54' title='bbox 1234 1093 1463 1167; x_wconf 89' lang='lat' dir='ltr'><strong>primum</strong></span> <span class='ocrx_word' id='word_1_55' title='bbox 1512 1092 1736 1155; x_wconf 90' lang='lat' dir='ltr'><strong>detecta,</strong></span> <span class='ocrx_word' id='word_1_56' title='bbox 1780 1091 1930 1164; x_wconf 87' lang='lat' dir='ltr'><strong>cujus</strong></span> <span class='ocrx_word' id='word_1_57' title='bbox 1973 1090 2085 1143; x_wconf 86' lang='lat' dir='ltr'><strong>icon</strong></span> <span class='ocrx_word' id='word_1_58' title='bbox 2129 1099 2182 1144; x_wconf 91' lang='lat' dir='ltr'><strong>et</strong></span> <span class='ocrx_word' id='word_1_59' title='bbox 2216 1088 2684 1161; x_wconf 24' lang='lat' dir='ltr'><strong>descriptioradhuc</strong></span> 
     </span>
     <span class='ocr_line' id='line_1_8' title="bbox 539 1177 2683 1261; baseline -0.004 -20"><span class='ocrx_word' id='word_1_60' title='bbox 539 1200 789 1261; x_wconf 89' lang='lat' dir='ltr'><strong>tanquam</strong></span> <span class='ocrx_word' id='word_1_61' title='bbox 832 1183 942 1259; x_wconf 87' lang='lat' dir='ltr'><strong>ejus</strong></span> <span class='ocrx_word' id='word_1_62' title='bbox 988 1182 1122 1237; x_wconf 89' lang='lat' dir='ltr'><strong>basis</strong></span> <span class='ocrx_word' id='word_1_63' title='bbox 1162 1181 1422 1236; x_wconf 82' lang='lat' dir='ltr'><strong>habendae</strong></span> <span class='ocrx_word' id='word_1_64' title='bbox 1466 1188 1605 1234; x_wconf 89' lang='lat' dir='ltr'><strong>sunt.</strong></span> <span class='ocrx_word' id='word_1_65' title='bbox 1689 1178 1906 1232; x_wconf 81' lang='lat' dir='ltr'><strong>»Planta</strong></span> <span class='ocrx_word' id='word_1_66' title='bbox 1948 1177 2188 1243; x_wconf 89' lang='lat' dir='ltr'><strong>humilis,</strong></span> <span class='ocrx_word' id='word_1_67' title='bbox 2222 1196 2424 1250; x_wconf 79' lang='lat' dir='ltr'><strong>repenS,</strong></span> <span class='ocrx_word' id='word_1_68' title='bbox 2461 1196 2683 1245; x_wconf 82' lang='lat' dir='ltr'><strong>ramosa,</strong></span> 
     </span>
     <span class='ocr_line' id='line_1_9' title="bbox 541 1262 2686 1341; baseline -0.007 -12"><span class='ocrx_word' id='word_1_69' title='bbox 541 1275 846 1340; x_wconf 86' lang='lat' dir='ltr'><strong>dichotoma,</strong></span> <span class='ocrx_word' id='word_1_70' title='bbox 872 1271 963 1326; x_wconf 87' lang='lat' dir='ltr'><strong>ubi</strong></span> <span class='ocrx_word' id='word_1_71' title='bbox 991 1269 1223 1325; x_wconf 82' lang='lat' dir='ltr'><strong>radices</strong></span> <span class='ocrx_word' id='word_1_72' title='bbox 1253 1267 1360 1341; x_wconf 84' lang='lat' dir='ltr'><strong>agit</strong></span> <span class='ocrx_word' id='word_1_73' title='bbox 1391 1266 1639 1321; x_wconf 85' lang='lat' dir='ltr'><strong>laterales.</strong></span> <span class='ocrx_word' id='word_1_74' title='bbox 1672 1265 1828 1332; x_wconf 79' lang='lat' dir='ltr'><strong>laan,</strong></span> <span class='ocrx_word' id='word_1_75' title='bbox 1859 1283 2097 1318; x_wconf 86' lang='lat' dir='ltr'><strong>ramosas.</strong></span> <span class='ocrx_word' id='word_1_76' title='bbox 2171 1263 2486 1318; x_wconf 88' lang='lat' dir='ltr'><strong>Cauliculi</strong></span> <span class='ocrx_word' id='word_1_77' title='bbox 2515 1262 2686 1329; x_wconf 88' lang='lat' dir='ltr'><strong>erecti,</strong></span> 
     </span>
     <span class='ocr_line' id='line_1_10' title="bbox 540 1350 2687 1441; baseline -0.007 -22"><span class='ocrx_word' id='word_1_78' title='bbox 540 1361 839 1420; x_wconf 81' lang='lat' dir='ltr'><strong>dichotomi.</strong></span> <span class='ocrx_word' id='word_1_79' title='bbox 909 1359 1052 1416; x_wconf 87' lang='lat' dir='ltr'><strong>Folia</strong></span> <span class='ocrx_word' id='word_1_80' title='bbox 1086 1368 1332 1441; x_wconf 54' lang='lat' dir='ltr'><strong>quaterna</strong></span> <span class='ocrx_word' id='word_1_81' title='bbox 1349 1394 1367 1422; x_wconf 91' lang='lat'><strong>,</strong></span> <span class='ocrx_word' id='word_1_82' title='bbox 1404 1354 1631 1409; x_wconf 83' lang='lat' dir='ltr'><strong>cruciata</strong></span> <span class='ocrx_word' id='word_1_83' title='bbox 1650 1392 1667 1422; x_wconf 93' lang='lat'><strong>,</strong></span> <span class='ocrx_word' id='word_1_84' title='bbox 1701 1352 2071 1417; x_wconf 80' lang='lat' dir='ltr'><strong>cuneiformia,</strong></span> <span class='ocrx_word' id='word_1_85' title='bbox 2109 1350 2455 1424; x_wconf 81' lang='lat' dir='ltr'><strong>emarginata,</strong></span> <span class='ocrx_word' id='word_1_86' title='bbox 2490 1368 2653 1405; x_wconf 89' lang='lat' dir='ltr'><strong>crassa</strong></span> <span class='ocrx_word' id='word_1_87' title='bbox 2669 1388 2687 1417; x_wconf 95' lang='lat'><strong>,</strong></span> 
     </span>
     <span class='ocr_line' id='line_1_11' title="bbox 541 1437 2688 1522; baseline -0.006 -16"><span class='ocrx_word' id='word_1_88' title='bbox 541 1471 758 1506; x_wconf 83' lang='lat' dir='ltr'><strong>nervosa.</strong></span> <span class='ocrx_word' id='word_1_89' title='bbox 829 1450 975 1522; x_wconf 80' lang='lat' dir='ltr'>Spica</span> <span class='ocrx_word' id='word_1_90' title='bbox 1015 1444 1336 1515; x_wconf 85' lang='lat' dir='ltr'><strong>terminalis,</strong></span> <span class='ocrx_word' id='word_1_91' title='bbox 1371 1442 1620 1518; x_wconf 83' lang='lat' dir='ltr'><strong>simplex,</strong></span> <span class='ocrx_word' id='word_1_92' title='bbox 1658 1442 1918 1517; x_wconf 79' lang='lat' dir='ltr'><strong>strigosa.”</strong></span> <span class='ocrx_word' id='word_1_93' title='bbox 1994 1444 2137 1513; x_wconf 79' lang='lat' dir='ltr'><strong>Quae</strong></span> <span class='ocrx_word' id='word_1_94' title='bbox 2178 1450 2239 1494; x_wconf 86' lang='lat' dir='ltr'><strong>ut</strong></span> <span class='ocrx_word' id='word_1_95' title='bbox 2286 1449 2338 1493; x_wconf 89' lang='lat' dir='ltr'><strong>et</strong></span> <span class='ocrx_word' id='word_1_96' title='bbox 2372 1438 2482 1493; x_wconf 89' lang='lat' dir='ltr'><strong>icon</strong></span> <span class='ocrx_word' id='word_1_97' title='bbox 2526 1437 2580 1494; x_wconf 91' lang='lat' dir='ltr'><strong>in</strong></span> <span class='ocrx_word' id='word_1_98' title='bbox 2613 1458 2688 1511; x_wconf 91' lang='lat' dir='ltr'><strong>sp.</strong></span> 
     </span>
     <span class='ocr_line' id='line_1_12' title="bbox 540 1534 1228 1610; baseline -0.006 -18"><span class='ocrx_word' id='word_1_99' title='bbox 540 1539 699 1592; x_wconf 86' lang='lat' dir='ltr'><strong>citata</strong></span> <span class='ocrx_word' id='word_1_100' title='bbox 733 1536 922 1608; x_wconf 89' lang='lat' dir='ltr'><strong>optime</strong></span> <span class='ocrx_word' id='word_1_101' title='bbox 956 1534 1228 1610; x_wconf 86' lang='lat' dir='ltr'><strong>quadrant.</strong></span> 
     </span>
    </p>

    <p class='ocr_par' dir='ltr' id='par_1_4' title="bbox 542 1614 2706 2921">
     <span class='ocr_line' id='line_1_13' title="bbox 613 1614 2691 1697; baseline -0.005 -18"><span class='ocrx_word' id='word_1_102' title='bbox 613 1624 927 1697; x_wconf 86' lang='lat' dir='ltr'><strong>Specimen</strong></span> <span class='ocrx_word' id='word_1_103' title='bbox 969 1621 1352 1695; x_wconf 83' lang='lat' dir='ltr'><strong>jamaicense</strong></span> <span class='ocrx_word' id='word_1_104' title='bbox 1404 1618 1469 1672; x_wconf 88' lang='lat' dir='ltr'><strong>ab</strong></span> <span class='ocrx_word' id='word_1_105' title='bbox 1523 1618 1668 1672; x_wconf 90' lang='lat' dir='ltr'><strong>icone</strong></span> <span class='ocrx_word' id='word_1_106' title='bbox 1721 1616 1881 1670; x_wconf 88' lang='lat' dir='ltr'><strong>citata</strong></span> <span class='ocrx_word' id='word_1_107' title='bbox 1930 1615 2103 1671; x_wconf 86' lang='lat' dir='ltr'><strong>differt</strong></span> <span class='ocrx_word' id='word_1_108' title='bbox 2149 1636 2248 1672; x_wconf 90' lang='lat' dir='ltr'><strong>non</strong></span> <span class='ocrx_word' id='word_1_109' title='bbox 2303 1616 2400 1671; x_wconf 90' lang='lat' dir='ltr'><strong>nisi</strong></span> <span class='ocrx_word' id='word_1_110' title='bbox 2452 1614 2691 1671; x_wconf 91' lang='lat' dir='ltr'><strong>omnibus</strong></span> 
     </span>
     <span class='ocr_line' id='line_1_14' title="bbox 542 1704 2694 1790; baseline -0.006 -22"><span class='ocrx_word' id='word_1_111' title='bbox 542 1714 773 1790; x_wconf 88' lang='lat' dir='ltr'><strong>partibus</strong></span> <span class='ocrx_word' id='word_1_112' title='bbox 798 1711 972 1785; x_wconf 90' lang='lat' dir='ltr'><strong>paullo</strong></span> <span class='ocrx_word' id='word_1_113' title='bbox 1001 1709 1300 1764; x_wconf 90' lang='lat' dir='ltr'><strong>minorihus.</strong></span> <span class='ocrx_word' id='word_1_114' title='bbox 1374 1705 1583 1761; x_wconf 88' lang='lat' dir='ltr'><strong>Caulis</strong></span> <span class='ocrx_word' id='word_1_115' title='bbox 1611 1705 1938 1759; x_wconf 83' lang='lat' dir='ltr'><strong>succulentus</strong></span> <span class='ocrx_word' id='word_1_116' title='bbox 1966 1704 2350 1772; x_wconf 87' lang='lat' dir='ltr'><strong>teretiusculus,</strong></span> <span class='ocrx_word' id='word_1_117' title='bbox 2381 1704 2580 1778; x_wconf 80' lang='lat' dir='ltr'><strong>glaber,</strong></span> <span class='ocrx_word' id='word_1_118' title='bbox 2607 1721 2694 1756; x_wconf 91' lang='lat' dir='ltr'><strong>no-</strong></span> 
     </span>
     <span class='ocr_line' id='line_1_15' title="bbox 544 1790 2695 1868; baseline -0.007 -11"><span class='ocrx_word' id='word_1_119' title='bbox 544 1803 718 1868; x_wconf 76' lang='lat' dir='ltr'><strong>dosuS,</strong></span> <span class='ocrx_word' id='word_1_120' title='bbox 754 1800 860 1855; x_wconf 88' lang='lat' dir='ltr'><strong>basi</strong></span> <span class='ocrx_word' id='word_1_121' title='bbox 896 1797 1201 1853; x_wconf 81' lang='lat' dir='ltr'><strong>decumbens</strong></span> <span class='ocrx_word' id='word_1_122' title='bbox 1227 1806 1280 1850; x_wconf 88' lang='lat' dir='ltr'><strong>et</strong></span> <span class='ocrx_word' id='word_1_123' title='bbox 1305 1793 1560 1860; x_wconf 87' lang='lat' dir='ltr'><strong>radicans,</strong></span> <span class='ocrx_word' id='word_1_124' title='bbox 1596 1792 1782 1847; x_wconf 89' lang='lat' dir='ltr'><strong>ramis</strong></span> <span class='ocrx_word' id='word_1_125' title='bbox 1809 1791 2082 1846; x_wconf 89' lang='lat' dir='ltr'><strong>suberectis</strong></span> <span class='ocrx_word' id='word_1_126' title='bbox 2111 1790 2396 1847; x_wconf 90' lang='lat' dir='ltr'><strong>dichotome</strong></span> <span class='ocrx_word' id='word_1_127' title='bbox 2422 1791 2695 1846; x_wconf 82' lang='lat' dir='ltr'><strong>divaricate</strong></span> 
     </span>
     <span class='ocr_line' id='line_1_16' title="bbox 544 1879 2695 1955; baseline -0.007 -10"><span class='ocrx_word' id='word_1_128' title='bbox 544 1889 788 1955; x_wconf 87' lang='lat' dir='ltr'><strong>ramosis,</strong></span> <span class='ocrx_word' id='word_1_129' title='bbox 821 1891 1036 1942; x_wconf 86' lang='lat'>10—15</span> <span class='ocrx_word' id='word_1_130' title='bbox 1083 1893 1214 1939; x_wconf 86' lang='lat' dir='ltr'><strong>cent.</strong></span> <span class='ocrx_word' id='word_1_131' title='bbox 1261 1883 1409 1948; x_wconf 87' lang='lat' dir='ltr'><strong>altis,</strong></span> <span class='ocrx_word' id='word_1_132' title='bbox 1446 1880 1743 1936; x_wconf 81' lang='lat' dir='ltr'><strong>internodiis</strong></span> <span class='ocrx_word' id='word_1_133' title='bbox 1770 1884 1915 1934; x_wconf 82' lang='grc'><strong>2-4</strong></span> <span class='ocrx_word' id='word_1_134' title='bbox 1948 1890 2080 1934; x_wconf 88' lang='lat' dir='ltr'><strong>cent.</strong></span> <span class='ocrx_word' id='word_1_135' title='bbox 2126 1879 2302 1952; x_wconf 82' lang='lat' dir='ltr'><strong>longiS.</strong></span> <span class='ocrx_word' id='word_1_136' title='bbox 2378 1879 2548 1934; x_wconf 83' lang='lat' dir='ltr'><strong>Folia</strong></span> <span class='ocrx_word' id='word_1_137' title='bbox 2584 1894 2695 1931; x_wconf 85' lang='lat' dir='ltr'><strong>suc-</strong></span> 
     </span>
     <span class='ocr_line' id='line_1_17' title="bbox 546 1964 2697 2057; baseline -0.007 -25"><span class='ocrx_word' id='word_1_138' title='bbox 546 1978 750 2057; x_wconf 86' lang='lat' dir='ltr'><strong>culenta</strong></span> <span class='ocrx_word' id='word_1_139' title='bbox 779 1975 833 2029; x_wconf 89' lang='lat' dir='ltr'><strong>in</strong></span> <span class='ocrx_word' id='word_1_140' title='bbox 868 1973 995 2028; x_wconf 90' lang='lat' dir='ltr'><strong>sicco</strong></span> <span class='ocrx_word' id='word_1_141' title='bbox 1029 1972 1246 2026; x_wconf 90' lang='lat' dir='ltr'><strong>coriacea</strong></span> <span class='ocrx_word' id='word_1_142' title='bbox 1275 1969 1512 2036; x_wconf 87' lang='lat' dir='ltr'><strong>obscura,</strong></span> <span class='ocrx_word' id='word_1_143' title='bbox 1548 1968 1729 2022; x_wconf 84' lang='lat' dir='ltr'>subtus</span> <span class='ocrx_word' id='word_1_144' title='bbox 1759 1966 1981 2041; x_wconf 85' lang='lat' dir='ltr'><strong>pallida,</strong></span> <span class='ocrx_word' id='word_1_145' title='bbox 2016 1985 2172 2020; x_wconf 89' lang='lat' dir='ltr'><strong>nervo</strong></span> <span class='ocrx_word' id='word_1_146' title='bbox 2204 1967 2371 2021; x_wconf 87' lang='lat' dir='ltr'><strong>medio</strong></span> <span class='ocrx_word' id='word_1_147' title='bbox 2399 1969 2482 2022; x_wconf 86' lang='lat' dir='ltr'><strong>vix</strong></span> <span class='ocrx_word' id='word_1_148' title='bbox 2508 1964 2697 2039; x_wconf 88' lang='lat' dir='ltr'><strong>promi·</strong></span> 
     </span>
     <span class='ocr_line' id='line_1_18' title="bbox 546 2052 2697 2135; baseline -0.007 -17"><span class='ocrx_word' id='word_1_149' title='bbox 546 2065 673 2120; x_wconf 88' lang='lat' dir='ltr'><strong>nulo</strong></span> <span class='ocrx_word' id='word_1_150' title='bbox 702 2063 765 2117; x_wconf 85' lang='lat' dir='ltr'><strong>ad</strong></span> <span class='ocrx_word' id='word_1_151' title='bbox 798 2072 831 2135; x_wconf 54' lang='grc' dir='ltr'>ξ</span> <span class='ocrx_word' id='word_1_152' title='bbox 862 2060 955 2117; x_wconf 90' lang='lat' dir='ltr'><strong>alt.</strong></span> <span class='ocrx_word' id='word_1_153' title='bbox 989 2057 1328 2114; x_wconf 85' lang='lat' dir='ltr'><strong>unicostulato</strong></span> <span class='ocrx_word' id='word_1_154' title='bbox 1370 2065 1689 2130; x_wconf 80' lang='lat' dir='ltr'><strong>percurrente</strong></span> <span class='ocrx_word' id='word_1_155' title='bbox 1721 2064 1771 2107; x_wconf 89' lang='lat' dir='ltr'><strong>et</strong></span> <span class='ocrx_word' id='word_1_156' title='bbox 1801 2054 1944 2110; x_wconf 86' lang='lat' dir='ltr'><strong>tenui</strong></span> <span class='ocrx_word' id='word_1_157' title='bbox 1979 2053 2219 2128; x_wconf 90' lang='lat' dir='ltr'><strong>utrinque</strong></span> <span class='ocrx_word' id='word_1_158' title='bbox 2245 2053 2448 2109; x_wconf 87' lang='lat' dir='ltr'><strong>laterali</strong></span> <span class='ocrx_word' id='word_1_159' title='bbox 2480 2052 2697 2109; x_wconf 90' lang='lat' dir='ltr'><strong>obsolete</strong></span> 
     </span>
     <span class='ocr_line' id='line_1_19' title="bbox 546 2128 2699 2222; baseline -0.007 -15"><span class='ocrx_word' id='word_1_160' title='bbox 546 2149 910 2214; x_wconf 87' lang='lat' dir='ltr'><strong>subtrincrvia,</strong></span> <span class='ocrx_word' id='word_1_161' title='bbox 977 2147 1216 2222; x_wconf 87' lang='lat' dir='ltr'><strong>utrinque</strong></span> <span class='ocrx_word' id='word_1_162' title='bbox 1269 2143 1471 2218; x_wconf 80' lang='lat' dir='ltr'><strong>glabra,</strong></span> <span class='ocrx_word' id='word_1_163' title='bbox 1541 2143 1992 2197; x_wconf 86' lang='lat' dir='ltr'><strong>obovato-cuneata</strong></span> <span class='ocrx_word' id='word_1_164' title='bbox 2067 2141 2146 2194; x_wconf 81' lang='lat' dir='ltr'><strong>vel</strong></span> <span class='ocrx_word' id='word_1_165' title='bbox 2220 2128 2665 2214; x_wconf 80' lang='lat' dir='ltr'><strong>oblongo-cuneata</strong></span> <span class='ocrx_word' id='word_1_166' title='bbox 2681 2176 2699 2205; x_wconf 86' lang='lat'><strong>,</strong></span> 
     </span>
     <span class='ocr_line' id='line_1_20' title="bbox 548 2229 2699 2314; baseline -0.007 -20"><span class='ocrx_word' id='word_1_167' title='bbox 548 2240 690 2314; x_wconf 83' lang='lat' dir='ltr'><strong>apice</strong></span> <span class='ocrx_word' id='word_1_168' title='bbox 741 2235 1012 2292; x_wconf 87' lang='lat' dir='ltr'><strong>rotundata</strong></span> <span class='ocrx_word' id='word_1_169' title='bbox 1057 2234 1136 2288; x_wconf 86' lang='lat' dir='ltr'><strong>vel</strong></span> <span class='ocrx_word' id='word_1_170' title='bbox 1200 2231 1544 2305; x_wconf 84' lang='lat' dir='ltr'><strong>emarginata‚</strong></span> <span class='ocrx_word' id='word_1_171' title='bbox 1607 2230 1805 2304; x_wconf 64' lang='lat' dir='ltr'><strong>1.}-1&#39;ere</strong></span> <span class='ocrx_word' id='word_1_172' title='bbox 1848 2235 1881 2284; x_wconf 83' lang='lat'>2</span> <span class='ocrx_word' id='word_1_173' title='bbox 1945 2239 2073 2285; x_wconf 87' lang='lat' dir='ltr'><strong>cent.</strong></span> <span class='ocrx_word' id='word_1_174' title='bbox 2116 2229 2300 2303; x_wconf 84' lang='lat' dir='ltr'><strong>longa,</strong></span> <span class='ocrx_word' id='word_1_175' title='bbox 2363 2233 2507 2285; x_wconf 84' lang='lat'><strong>6—8</strong></span> <span class='ocrx_word' id='word_1_176' title='bbox 2568 2245 2699 2280; x_wconf 90' lang='lat' dir='ltr'><strong>mm.</strong></span> 
     </span>
     <span class='ocr_line' id='line_1_21' title="bbox 550 2317 2697 2402; baseline -0.007 -20"><span class='ocrx_word' id='word_1_177' title='bbox 550 2329 685 2395; x_wconf 86' lang='lat' dir='ltr'><strong>lata,</strong></span> <span class='ocrx_word' id='word_1_178' title='bbox 721 2334 970 2402; x_wconf 88' lang='lat' dir='ltr'><strong>quaterna</strong></span> <span class='ocrx_word' id='word_1_179' title='bbox 998 2341 1110 2377; x_wconf 90' lang='lat' dir='ltr'><strong>raro</strong></span> <span class='ocrx_word' id='word_1_180' title='bbox 1141 2321 1286 2385; x_wconf 81' lang='lat' dir='ltr'><strong>bina,</strong></span> <span class='ocrx_word' id='word_1_181' title='bbox 1322 2319 1603 2386; x_wconf 79' lang='lat' dir='ltr'><strong>suberecta,</strong></span> <span class='ocrx_word' id='word_1_182' title='bbox 1641 2317 1897 2390; x_wconf 90' lang='lat' dir='ltr'><strong>petiolis</strong></span> <span class='ocrx_word' id='word_1_183' title='bbox 1944 2318 2107 2372; x_wconf 89' lang='lat' dir='ltr'><strong>antice</strong></span> <span class='ocrx_word' id='word_1_184' title='bbox 2142 2317 2494 2373; x_wconf 87' lang='lat' dir='ltr'><strong>canaliculatis</strong></span> <span class='ocrx_word' id='word_1_185' title='bbox 2525 2319 2697 2381; x_wconf 83' lang='lat'>1—-2‚</span> 
     </span>
     <span class='ocr_line' id='line_1_22' title="bbox 551 2403 2702 2485; baseline -0.007 -14"><span class='ocrx_word' id='word_1_186' title='bbox 551 2436 665 2471; x_wconf 88' lang='lat' dir='ltr'><strong>raro</strong></span> <span class='ocrx_word' id='word_1_187' title='bbox 686 2420 721 2469; x_wconf 88' lang='grc'><strong>3</strong></span> <span class='ocrx_word' id='word_1_188' title='bbox 747 2433 875 2467; x_wconf 91' lang='lat' dir='ltr'><strong>mm.</strong></span> <span class='ocrx_word' id='word_1_189' title='bbox 900 2411 1062 2485; x_wconf 83' lang='lat' dir='ltr'><strong>longis</strong></span> <span class='ocrx_word' id='word_1_190' title='bbox 1080 2408 1269 2484; x_wconf 80' lang='lat' dir='ltr'><strong>glabris</strong></span> <span class='ocrx_word' id='word_1_191' title='bbox 1299 2417 1539 2463; x_wconf 86' lang='lat' dir='ltr'><strong>sustenta.</strong></span> <span class='ocrx_word' id='word_1_192' title='bbox 1607 2410 1714 2459; x_wconf 87' lang='lat' dir='ltr'><strong>Am</strong></span> <span class='ocrx_word' id='word_1_193' title='bbox 1725 2414 1942 2459; x_wconf 90' lang='lat' dir='ltr'><strong>entum</strong></span> <span class='ocrx_word' id='word_1_194' title='bbox 1965 2405 2230 2459; x_wconf 86' lang='lat' dir='ltr'><strong>terminale</strong></span> <span class='ocrx_word' id='word_1_195' title='bbox 2259 2403 2542 2459; x_wconf 88' lang='lat' dir='ltr'><strong>solitarium</strong></span> <span class='ocrx_word' id='word_1_196' title='bbox 2572 2420 2702 2456; x_wconf 88' lang='lat' dir='ltr'><strong>erec·</strong></span> 
     </span>
     <span class='ocr_line' id='line_1_23' title="bbox 556 2489 2701 2572; baseline -0.007 -14"><span class='ocrx_word' id='word_1_197' title='bbox 556 2514 672 2558; x_wconf 89' lang='lat' dir='ltr'><strong>tum</strong></span> <span class='ocrx_word' id='word_1_198' title='bbox 705 2502 1025 2566; x_wconf 88' lang='lat' dir='ltr'><strong>subrectum,</strong></span> <span class='ocrx_word' id='word_1_199' title='bbox 1063 2495 1417 2572; x_wconf 88' lang='lat' dir='ltr'><strong>pedunculo</strong></span> <span class='ocrx_word' id='word_1_200' title='bbox 1454 2499 1525 2566; x_wconf 57' lang='lat'><strong>1}</strong></span> <span class='ocrx_word' id='word_1_201' title='bbox 1557 2503 1691 2547; x_wconf 87' lang='lat' dir='ltr'><strong>cent.</strong></span> <span class='ocrx_word' id='word_1_202' title='bbox 1724 2492 1873 2566; x_wconf 86' lang='lat' dir='ltr'><strong>longo</strong></span> <span class='ocrx_word' id='word_1_203' title='bbox 1904 2492 2081 2564; x_wconf 83' lang='lat' dir='ltr'><strong>glabro</strong></span> <span class='ocrx_word' id='word_1_204' title='bbox 2110 2502 2424 2558; x_wconf 89' lang='lat' dir='ltr'><strong>sustentum‚</strong></span> <span class='ocrx_word' id='word_1_205' title='bbox 2460 2489 2701 2565; x_wconf 77' lang='lat' dir='ltr'><strong>cylindri·</strong></span> 
     </span>
     <span class='ocr_line' id='line_1_24' title="bbox 553 2582 2706 2660; baseline -0.008 -11"><span class='ocrx_word' id='word_1_206' title='bbox 553 2613 700 2660; x_wconf 87' lang='lat' dir='ltr'><strong>cum,</strong></span> <span class='ocrx_word' id='word_1_207' title='bbox 734 2590 975 2645; x_wconf 88' lang='lat' dir='ltr'><strong>obtusum</strong></span> <span class='ocrx_word' id='word_1_208' title='bbox 1008 2592 1078 2657; x_wconf 62' lang='lat'><strong>3}</strong></span> <span class='ocrx_word' id='word_1_209' title='bbox 1111 2595 1245 2641; x_wconf 90' lang='lat' dir='ltr'><strong>cent.</strong></span> <span class='ocrx_word' id='word_1_210' title='bbox 1274 2584 1513 2657; x_wconf 85' lang='lat' dir='ltr'><strong>longum,</strong></span> <span class='ocrx_word' id='word_1_211' title='bbox 1546 2582 1777 2636; x_wconf 87' lang='lat' dir='ltr'><strong>nondum</strong></span> <span class='ocrx_word' id='word_1_212' title='bbox 1811 2583 2020 2649; x_wconf 80' lang='lat' dir='ltr'><strong>florenS,</strong></span> <span class='ocrx_word' id='word_1_213' title='bbox 2060 2600 2347 2636; x_wconf 88' lang='lat' dir='ltr'><strong>carnosum.</strong></span> <span class='ocrx_word' id='word_1_214' title='bbox 2420 2585 2706 2635; x_wconf 86' lang='lat' dir='ltr'><strong>Bracteae</strong></span> 
     </span>
     <span class='ocr_line' id='line_1_25' title="bbox 554 2666 2705 2757; baseline -0.008 -21"><span class='ocrx_word' id='word_1_215' title='bbox 554 2679 879 2757; x_wconf 86' lang='lat' dir='ltr'><strong>pedicellatae</strong></span> <span class='ocrx_word' id='word_1_216' title='bbox 908 2677 1125 2751; x_wconf 87' lang='lat' dir='ltr'><strong>peltatae</strong></span> <span class='ocrx_word' id='word_1_217' title='bbox 1153 2673 1292 2749; x_wconf 87' lang='lat' dir='ltr'><strong>pelta</strong></span> <span class='ocrx_word' id='word_1_218' title='bbox 1323 2671 1597 2727; x_wconf 90' lang='lat' dir='ltr'><strong>orbiculari</strong></span> <span class='ocrx_word' id='word_1_219' title='bbox 1625 2670 1817 2745; x_wconf 82' lang='lat' dir='ltr'><strong>glabra.</strong></span> <span class='ocrx_word' id='word_1_220' title='bbox 1890 2670 2170 2724; x_wconf 86' lang='lat' dir='ltr'><strong>Stamina</strong></span> <span class='ocrx_word' id='word_1_221' title='bbox 2200 2669 2318 2725; x_wconf 87' lang='lat' dir='ltr'><strong>duc.</strong></span> <span class='ocrx_word' id='word_1_222' title='bbox 2391 2666 2705 2722; x_wconf 86' lang='lat' dir='ltr'><strong>Antherae</strong></span> 
     </span>
     <span class='ocr_line' id='line_1_26' title="bbox 560 2752 2704 2833; baseline -0.008 -10"><span class='ocrx_word' id='word_1_223' title='bbox 560 2769 836 2823; x_wconf 81' lang='lat' dir='ltr'><strong>albicantes</strong></span> <span class='ocrx_word' id='word_1_224' title='bbox 863 2763 1184 2829; x_wconf 78' lang='lat' dir='ltr'><strong>biloculareS,</strong></span> <span class='ocrx_word' id='word_1_225' title='bbox 1215 2760 1395 2817; x_wconf 90' lang='lat' dir='ltr'><strong>loculis</strong></span> <span class='ocrx_word' id='word_1_226' title='bbox 1425 2759 1651 2833; x_wconf 78' lang='lat' dir='ltr'><strong>oblongis</strong></span> <span class='ocrx_word' id='word_1_227' title='bbox 1676 2758 1933 2833; x_wconf 85' lang='lat' dir='ltr'><strong>appositis.</strong></span> <span class='ocrx_word' id='word_1_228' title='bbox 2005 2762 2088 2815; x_wconf 87' lang='lat' dir='ltr'><strong>Ov</strong></span> <span class='ocrx_word' id='word_1_229' title='bbox 2100 2757 2302 2815; x_wconf 90' lang='lat' dir='ltr'><strong>arium</strong></span> <span class='ocrx_word' id='word_1_230' title='bbox 2329 2756 2488 2811; x_wconf 75' lang='lat' dir='ltr'><strong>foveae</strong></span> <span class='ocrx_word' id='word_1_231' title='bbox 2514 2752 2704 2809; x_wconf 88' lang='lat' dir='ltr'><strong>subim-</strong></span> 
     </span>
     <span class='ocr_line' id='line_1_27' title="bbox 561 2847 2626 2921; baseline -0.009 -10"><span class='ocrx_word' id='word_1_232' title='bbox 561 2874 808 2921; x_wconf 88' lang='lat' dir='ltr'><strong>mersum,</strong></span> <span class='ocrx_word' id='word_1_233' title='bbox 845 2851 1382 2907; x_wconf 87' lang='lat' dir='ltr'><strong>ovato-acuminatum.</strong></span> <span class='ocrx_word' id='word_1_234' title='bbox 2623 2847 2626 2850; x_wconf 83' lang='lat'>&#39;</span> 
     </span>
    </p>

    <p class='ocr_par' dir='ltr' id='par_1_5' title="bbox 562 2927 2707 3280">
     <span class='ocr_line' id='line_1_28' title="bbox 633 2927 2706 3016; baseline -0.008 -18"><span class='ocrx_word' id='word_1_235' title='bbox 633 2941 944 3016; x_wconf 91' lang='lat' dir='ltr'><strong>Specimen</strong></span> <span class='ocrx_word' id='word_1_236' title='bbox 981 2939 1355 2994; x_wconf 83' lang='lat' dir='ltr'><strong>mexicanum</strong></span> <span class='ocrx_word' id='word_1_237' title='bbox 1392 2954 1420 2989; x_wconf 87' lang='lat' dir='ltr'><strong>a</strong></span> <span class='ocrx_word' id='word_1_238' title='bbox 1450 2932 1765 3009; x_wconf 85' lang='lat' dir='ltr'><strong>praecedenti</strong></span> <span class='ocrx_word' id='word_1_239' title='bbox 1799 2951 1903 2986; x_wconf 89' lang='lat' dir='ltr'><strong>non</strong></span> <span class='ocrx_word' id='word_1_240' title='bbox 1936 2932 2032 2985; x_wconf 90' lang='lat' dir='ltr'><strong>nisi</strong></span> <span class='ocrx_word' id='word_1_241' title='bbox 2072 2931 2205 2986; x_wconf 84' lang='lat' dir='ltr'><strong>foliis</strong></span> <span class='ocrx_word' id='word_1_242' title='bbox 2229 2931 2282 2985; x_wconf 91' lang='lat' dir='ltr'><strong>in</strong></span> <span class='ocrx_word' id='word_1_243' title='bbox 2297 2931 2423 2985; x_wconf 90' lang='lat' dir='ltr'><strong>sicco</strong></span> <span class='ocrx_word' id='word_1_244' title='bbox 2437 2927 2706 3001; x_wconf 85' lang='lat' dir='ltr'><strong>pallidiori-</strong></span> 
     </span>
     <span class='ocr_line' id='line_1_29' title="bbox 564 3018 2707 3106; baseline -0.01 -17"><span class='ocrx_word' id='word_1_245' title='bbox 564 3035 660 3089; x_wconf 88' lang='lat' dir='ltr'><strong>bus</strong></span> <span class='ocrx_word' id='word_1_246' title='bbox 689 3042 739 3085; x_wconf 88' lang='lat' dir='ltr'><strong>et</strong></span> <span class='ocrx_word' id='word_1_247' title='bbox 754 3028 1050 3106; x_wconf 89' lang='lat' dir='ltr'><strong>junioribus</strong></span> <span class='ocrx_word' id='word_1_248' title='bbox 1079 3026 1335 3082; x_wconf 87' lang='lat' dir='ltr'><strong>evidenter</strong></span> <span class='ocrx_word' id='word_1_249' title='bbox 1363 3021 1894 3097; x_wconf 88' lang='lat' dir='ltr'><strong>pellucido-punctatis</strong></span> <span class='ocrx_word' id='word_1_250' title='bbox 1933 3019 2129 3074; x_wconf 83' lang='lat' dir='ltr'><strong>differt.</strong></span> <span class='ocrx_word' id='word_1_251' title='bbox 2200 3028 2529 3073; x_wconf 87' lang='lat' dir='ltr'><strong>Amentum</strong></span> <span class='ocrx_word' id='word_1_252' title='bbox 2561 3018 2707 3089; x_wconf 84' lang='lat' dir='ltr'><strong>juve-</strong></span> 
     </span>
     <span class='ocr_line' id='line_1_30' title="bbox 562 3102 2706 3181; baseline -0.009 -6"><span class='ocrx_word' id='word_1_253' title='bbox 562 3122 668 3175; x_wconf 89' lang='lat' dir='ltr'><strong>nile</strong></span> <span class='ocrx_word' id='word_1_254' title='bbox 702 3117 928 3172; x_wconf 85' lang='lat' dir='ltr'><strong>nondum</strong></span> <span class='ocrx_word' id='word_1_255' title='bbox 964 3114 1228 3170; x_wconf 88' lang='lat' dir='ltr'><strong>evolutum</strong></span> <span class='ocrx_word' id='word_1_256' title='bbox 1264 3118 1334 3180; x_wconf 61' lang='lat'><strong>1}</strong></span> <span class='ocrx_word' id='word_1_257' title='bbox 1370 3119 1500 3165; x_wconf 86' lang='lat' dir='ltr'><strong>cent.</strong></span> <span class='ocrx_word' id='word_1_258' title='bbox 1532 3109 1766 3181; x_wconf 77' lang='lat' dir='ltr'><strong>longum.</strong></span> <span class='ocrx_word' id='word_1_259' title='bbox 1838 3106 2162 3179; x_wconf 88' lang='lat' dir='ltr'><strong>Specimen</strong></span> <span class='ocrx_word' id='word_1_260' title='bbox 2195 3104 2408 3160; x_wconf 84' lang='lat' dir='ltr'><strong>Humb.</strong></span> <span class='ocrx_word' id='word_1_261' title='bbox 2439 3103 2578 3158; x_wconf 87' lang='lat' dir='ltr'><strong>haud</strong></span> <span class='ocrx_word' id='word_1_262' title='bbox 2607 3102 2706 3157; x_wconf 84' lang='lat' dir='ltr'><strong>dif-</strong></span> 
     </span>
     <span class='ocr_line' id='line_1_31' title="bbox 564 3192 2413 3280; baseline -0.009 -15"><span class='ocrx_word' id='word_1_263' title='bbox 564 3210 682 3265; x_wconf 77' lang='lat' dir='ltr'><strong>fert.</strong></span> <span class='ocrx_word' id='word_1_264' title='bbox 754 3205 1016 3280; x_wconf 86' lang='lat' dir='ltr'><strong>Specimen</strong></span> <span class='ocrx_word' id='word_1_265' title='bbox 1044 3223 1074 3258; x_wconf 89' lang='lat' dir='ltr'><strong>a</strong></span> <span class='ocrx_word' id='word_1_266' title='bbox 1108 3215 1361 3258; x_wconf 67' lang='lat' dir='ltr'><strong>semanno</strong></span> <span class='ocrx_word' id='word_1_267' title='bbox 1399 3200 1599 3254; x_wconf 85' lang='lat' dir='ltr'><strong>lectum</strong></span> <span class='ocrx_word' id='word_1_268' title='bbox 1632 3194 1867 3271; x_wconf 81' lang='lat' dir='ltr'><strong>gracilius</strong></span> <span class='ocrx_word' id='word_1_269' title='bbox 1904 3198 1977 3250; x_wconf 83' lang='lat'><strong>30</strong></span> <span class='ocrx_word' id='word_1_270' title='bbox 2012 3201 2147 3247; x_wconf 86' lang='lat' dir='ltr'><strong>cent.</strong></span> <span class='ocrx_word' id='word_1_271' title='bbox 2181 3192 2413 3265; x_wconf 78' lang='lat' dir='ltr'><strong>longum.</strong></span> 
     </span>
    </p>
   </div>
   <div class='ocr_carea' id='block_1_4' title="bbox 575 3397 2723 4304">
    <p class='ocr_par' dir='ltr' id='par_1_6' title="bbox 575 3397 2723 4304">
     <span class='ocr_line' id='line_1_32' title="bbox 656 3397 2711 3487; baseline -0.011 -10"><span class='ocrx_word' id='word_1_272' title='bbox 656 3415 794 3477; x_wconf 84' lang='lat'><strong>144.</strong></span> <span class='ocrx_word' id='word_1_273' title='bbox 872 3414 1325 3487; x_wconf 68' lang='lat' dir='ltr'><strong>repen-omia</strong></span> <span class='ocrx_word' id='word_1_274' title='bbox 1367 3412 1786 3481; x_wconf 62' lang='lat' dir='ltr'><strong>”emicans</strong></span> <span class='ocrx_word' id='word_1_275' title='bbox 1837 3398 2273 3462; x_wconf 64' lang='lat' dir='ltr'><strong>SomeoletendJ</strong></span> <span class='ocrx_word' id='word_1_276' title='bbox 2323 3399 2394 3456; x_wconf 78' lang='lat' dir='ltr'><strong>in</strong></span> <span class='ocrx_word' id='word_1_277' title='bbox 2437 3397 2711 3459; x_wconf 67' lang='lat' dir='ltr'><strong>Limnaeo</strong></span> 
     </span>
     <span class='ocr_line' id='line_1_33' title="bbox 582 3497 2711 3598; baseline -0.011 -17"><span class='ocrx_word' id='word_1_278' title='bbox 582 3521 745 3582; x_wconf 85' lang='lat' dir='ltr'><strong>Tom.</strong></span> <span class='ocrx_word' id='word_1_279' title='bbox 778 3517 852 3578; x_wconf 83' lang='lat' dir='ltr'><strong>V.</strong></span> <span class='ocrx_word' id='word_1_280' title='bbox 876 3537 945 3598; x_wconf 82' lang='lat' dir='ltr'><strong>p.</strong></span> <span class='ocrx_word' id='word_1_281' title='bbox 972 3515 1070 3577; x_wconf 89' lang='lat'><strong>75.</strong></span> <span class='ocrx_word' id='word_1_282' title='bbox 1156 3513 1343 3592; x_wconf 74' lang='lat' dir='ltr'><strong>Piper</strong></span> <span class='ocrx_word' id='word_1_283' title='bbox 1362 3510 1445 3571; x_wconf 92' lang='lat' dir='ltr'><strong>D.</strong></span> <span class='ocrx_word' id='word_1_284' title='bbox 1475 3508 1665 3569; x_wconf 72' lang='grc' dir='ltr'><em>Πίσιν.</em></span> <span class='ocrx_word' id='word_1_285' title='bbox 1691 3503 1938 3584; x_wconf 78' lang='lat' dir='ltr'><strong>Eneycl.</strong></span> <span class='ocrx_word' id='word_1_286' title='bbox 1976 3501 2034 3561; x_wconf 77' lang='lat' dir='ltr'><strong>d.</strong></span> <span class='ocrx_word' id='word_1_287' title='bbox 2068 3498 2190 3583; x_wconf 84' lang='lat' dir='ltr'><strong>Pfl.</strong></span> <span class='ocrx_word' id='word_1_288' title='bbox 2227 3500 2377 3561; x_wconf 85' lang='lat' dir='ltr'><strong>Tom.</strong></span> <span class='ocrx_word' id='word_1_289' title='bbox 2407 3499 2461 3561; x_wconf 90' lang='grc' dir='ltr'><strong>Ι.</strong></span> <span class='ocrx_word' id='word_1_290' title='bbox 2480 3520 2545 3579; x_wconf 84' lang='lat' dir='ltr'><strong>p.</strong></span> <span class='ocrx_word' id='word_1_291' title='bbox 2578 3497 2711 3559; x_wconf 88' lang='grc'><strong>124.</strong></span> 
     </span>
     <span class='ocr_line' id='line_1_34' title="bbox 575 3601 2713 3691; baseline -0.01 -9"><span class='ocrx_word' id='word_1_292' title='bbox 575 3616 989 3691; x_wconf 84' lang='lat' dir='ltr'><strong>Adscendens‚</strong></span> <span class='ocrx_word' id='word_1_293' title='bbox 1025 3613 1153 3675; x_wconf 85' lang='lat' dir='ltr'><strong>basi</strong></span> <span class='ocrx_word' id='word_1_294' title='bbox 1188 3610 1491 3683; x_wconf 88' lang='lat' dir='ltr'><strong>radicans,</strong></span> <span class='ocrx_word' id='word_1_295' title='bbox 1526 3607 1871 3667; x_wconf 88' lang='lat' dir='ltr'><strong>dichotome</strong></span> <span class='ocrx_word' id='word_1_296' title='bbox 1906 3622 2164 3676; x_wconf 87' lang='lat' dir='ltr'><strong>ramosa,</strong></span> <span class='ocrx_word' id='word_1_297' title='bbox 2201 3602 2377 3663; x_wconf 89' lang='lat' dir='ltr'><strong>caule</strong></span> <span class='ocrx_word' id='word_1_298' title='bbox 2410 3601 2713 3682; x_wconf 83' lang='lat' dir='ltr'><strong>ramisque</strong></span> 
     </span>
     <span class='ocr_line' id='line_1_35' title="bbox 579 3701 2715 3802; baseline -0.011 -16"><span class='ocrx_word' id='word_1_299' title='bbox 579 3721 924 3802; x_wconf 75' lang='lat' dir='ltr'><strong>tetragonis,</strong></span> <span class='ocrx_word' id='word_1_300' title='bbox 951 3717 1189 3779; x_wconf 80' lang='lat' dir='ltr'><strong>inferne</strong></span> <span class='ocrx_word' id='word_1_301' title='bbox 1212 3709 1650 3793; x_wconf 80' lang='lat' dir='ltr'><strong>glabriusculis,</strong></span> <span class='ocrx_word' id='word_1_302' title='bbox 1680 3726 1940 3786; x_wconf 85' lang='lat' dir='ltr'><strong>superne</strong></span> <span class='ocrx_word' id='word_1_303' title='bbox 1970 3703 2208 3783; x_wconf 89' lang='lat' dir='ltr'><strong>petiolis</strong></span> <span class='ocrx_word' id='word_1_304' title='bbox 2234 3701 2518 3784; x_wconf 81' lang='lat' dir='ltr'><strong>foliisque</strong></span> <span class='ocrx_word' id='word_1_305' title='bbox 2547 3722 2715 3783; x_wconf 89' lang='lat' dir='ltr'><strong>prae-</strong></span> 
     </span>
     <span class='ocr_line' id='line_1_36' title="bbox 577 3807 2716 3902; baseline -0.013 -13"><span class='ocrx_word' id='word_1_306' title='bbox 577 3826 801 3894; x_wconf 51' lang='lat' dir='ltr'><strong>sertim¹</strong></span> <span class='ocrx_word' id='word_1_307' title='bbox 823 3839 1002 3902; x_wconf 89' lang='lat' dir='ltr'><strong>supra</strong></span> <span class='ocrx_word' id='word_1_308' title='bbox 1040 3838 1247 3880; x_wconf 81' lang='lat' dir='ltr'><strong>versus</strong></span> <span class='ocrx_word' id='word_1_309' title='bbox 1279 3814 1513 3895; x_wconf 86' lang='lat' dir='ltr'><strong>apicem</strong></span> <span class='ocrx_word' id='word_1_310' title='bbox 1567 3818 1630 3871; x_wconf 84' lang='lat' dir='ltr'><strong>et</strong></span> <span class='ocrx_word' id='word_1_311' title='bbox 1684 3809 1759 3870; x_wconf 90' lang='lat' dir='ltr'><strong>ad</strong></span> <span class='ocrx_word' id='word_1_312' title='bbox 1812 3808 2115 3887; x_wconf 74' lang='lat' dir='ltr'><strong>margines</strong></span> <span class='ocrx_word' id='word_1_313' title='bbox 2161 3807 2561 3868; x_wconf 81' lang='lat' dir='ltr'><strong>minutissime</strong></span> <span class='ocrx_word' id='word_1_314' title='bbox 2605 3823 2716 3882; x_wconf 88' lang='lat' dir='ltr'><strong>pu·</strong></span> 
     </span>
     <span class='ocr_line' id='line_1_37' title="bbox 580 3904 2719 4004; baseline -0.013 -12"><span class='ocrx_word' id='word_1_315' title='bbox 580 3929 829 4003; x_wconf 84' lang='lat' dir='ltr'><strong>berulis,</strong></span> <span class='ocrx_word' id='word_1_316' title='bbox 864 3926 961 3988; x_wconf 88' lang='lat' dir='ltr'><strong>his</strong></span> <span class='ocrx_word' id='word_1_317' title='bbox 989 3919 1307 4004; x_wconf 84' lang='lat' dir='ltr'><strong>petiolatis,</strong></span> <span class='ocrx_word' id='word_1_318' title='bbox 1346 3914 1587 3996; x_wconf 89' lang='lat' dir='ltr'><strong>patulis,</strong></span> <span class='ocrx_word' id='word_1_319' title='bbox 1623 3911 1812 3973; x_wconf 85' lang='lat' dir='ltr'><strong>ternis</strong></span> <span class='ocrx_word' id='word_1_320' title='bbox 1843 3913 1994 3971; x_wconf 69' lang='lat' dir='ltr'><strong>raro‘</strong></span> <span class='ocrx_word' id='word_1_321' title='bbox 2014 3909 2343 3989; x_wconf 79' lang='lat' dir='ltr'><strong>quaternis,</strong></span> <span class='ocrx_word' id='word_1_322' title='bbox 2373 3904 2719 3970; x_wconf 80' lang='lat' dir='ltr'><strong>rotundato·</strong></span> 
     </span>
     <span class='ocr_line' id='line_1_38' title="bbox 583 4005 2721 4104; baseline -0.015 -8"><span class='ocrx_word' id='word_1_323' title='bbox 583 4032 853 4096; x_wconf 84' lang='lat' dir='ltr'><strong>obovatis</strong></span> <span class='ocrx_word' id='word_1_324' title='bbox 868 4075 885 4104; x_wconf 90' lang='lat'><strong>,</strong></span> <span class='ocrx_word' id='word_1_325' title='bbox 936 4027 1063 4088; x_wconf 83' lang='lat' dir='ltr'><strong>basi</strong></span> <span class='ocrx_word' id='word_1_326' title='bbox 1099 4022 1323 4093; x_wconf 85' lang='lat' dir='ltr'><strong>acutis,</strong></span> <span class='ocrx_word' id='word_1_327' title='bbox 1363 4013 2008 4098; x_wconf 85' lang='lat' dir='ltr'><strong>pellucido-punctatis</strong></span> <span class='ocrx_word' id='word_1_328' title='bbox 2060 4005 2686 4075; x_wconf 78' lang='lat' dir='ltr'><strong>uninervi-oostulatis</strong></span> <span class='ocrx_word' id='word_1_329' title='bbox 2702 4050 2721 4080; x_wconf 90' lang='lat'><strong>,</strong></span> 
     </span>
     <span class='ocr_line' id='line_1_39' title="bbox 580 4110 2716 4214; baseline -0.015 -16"><span class='ocrx_word' id='word_1_330' title='bbox 580 4128 1088 4214; x_wconf 84' lang='lat' dir='ltr'><strong>subtriplinerviis</strong></span> <span class='ocrx_word' id='word_1_331' title='bbox 1104 4172 1121 4201; x_wconf 93' lang='lat'><strong>,</strong></span> <span class='ocrx_word' id='word_1_332' title='bbox 1163 4123 1416 4186; x_wconf 86' lang='lat' dir='ltr'><strong>amentis</strong></span> <span class='ocrx_word' id='word_1_333' title='bbox 1447 4116 1866 4181; x_wconf 78' lang='lat' dir='ltr'><strong>terminalibus</strong></span> <span class='ocrx_word' id='word_1_334' title='bbox 1908 4117 2089 4196; x_wconf 80' lang='lat' dir='ltr'><strong>louge</strong></span> <span class='ocrx_word' id='word_1_335' title='bbox 2118 4110 2541 4196; x_wconf 85' lang='lat' dir='ltr'><strong>pedunculatis</strong></span> <span class='ocrx_word' id='word_1_336' title='bbox 2557 4155 2575 4185; x_wconf 88' lang='lat'>‚</span> <span class='ocrx_word' id='word_1_337' title='bbox 2616 4128 2716 4188; x_wconf 86' lang='lat' dir='ltr'><strong>pe·</strong></span> 
     </span>
     <span class='ocr_line' id='line_1_40' title="bbox 582 4211 2723 4304; baseline -0.013 -5"><span class='ocrx_word' id='word_1_338' title='bbox 582 4234 923 4299; x_wconf 86' lang='lat' dir='ltr'><strong>dunculum</strong></span> <span class='ocrx_word' id='word_1_339' title='bbox 958 4228 1203 4292; x_wconf 78' lang='lat' dir='ltr'><strong>circiter</strong></span> <span class='ocrx_word' id='word_1_340' title='bbox 1237 4220 1663 4304; x_wconf 84' lang='lat' dir='ltr'><strong>aequantibus,</strong></span> <span class='ocrx_word' id='word_1_341' title='bbox 1699 4218 2057 4295; x_wconf 85' lang='lat' dir='ltr'><strong>densifloris,</strong></span> <span class='ocrx_word' id='word_1_342' title='bbox 2091 4214 2347 4278; x_wconf 87' lang='lat' dir='ltr'><strong>bracteis</strong></span> <span class='ocrx_word' id='word_1_343' title='bbox 2374 4211 2723 4274; x_wconf 83' lang='lat' dir='ltr'><strong>orbiculatis</strong></span> 
     </span>
    </p>
   </div>
   <div class='ocr_carea' id='block_1_5' title="bbox 590 4311 2498 4417">
    <p class='ocr_par' dir='ltr' id='par_1_7' title="bbox 590 4311 2498 4417">
     <span class='ocr_line' id='line_1_41' title="bbox 590 4311 2498 4417; baseline -0.015 -12"><span class='ocrx_word' id='word_1_344' title='bbox 590 4332 1222 4417; x_wconf 67' lang='lat' dir='ltr'><strong>crocala-marginatis,</strong></span> <span class='ocrx_word' id='word_1_345' title='bbox 1255 4329 1455 4395; x_wconf 83' lang='lat' dir='ltr'><strong>baccis</strong></span> <span class='ocrx_word' id='word_1_346' title='bbox 1487 4325 1789 4410; x_wconf 80' lang='lat' dir='ltr'><strong>subovatis</strong></span> <span class='ocrx_word' id='word_1_347' title='bbox 1818 4324 2084 4388; x_wconf 84' lang='lat' dir='ltr'><strong>breviter</strong></span> <span class='ocrx_word' id='word_1_348' title='bbox 2116 4316 2448 4381; x_wconf 84' lang='lat' dir='ltr'><strong>rostellatis.</strong></span> <span class='ocrx_word' id='word_1_349' title='bbox 2497 4311 2498 4316; x_wconf 73' lang='grc'>’</span> 
     </span>
    </p>
   </div>
  </div>
 </body>
</html>
