3153 5134
1402 350 1523 413 137

400 556 669 627 sequentur
684 586 701 615 ‚
752 546 1097 621 reperiuntur.
1194 545 1460 619 Superiora
1507 555 1650 600 terna
1698 555 1942 620 quaterna
1990 548 2402 621 erecto-patentia
2419 586 2437 616 ‚
2488 549 2544 604 in

406 640 575 694 eodem
622 634 872 690 vei-ticillo
912 632 1075 688 forma
1122 643 1175 687 et
1219 634 1574 707 magnitudine
1620 635 1811 690 diversa
1828 672 1847 703 ‚
1879 635 2090 691 obovata
2126 635 2207 691 vel
2238 636 2549 691 obovato·ro-

405 727 620 781 tundata
639 762 657 794 ,
694 722 1255 779 rotundato-obcordata
1272 734 1307 790 ‚'
1333 721 1556 795 elliptica
1574 762 1591 789 ‚
1638 724 1778 796 apice
1823 734 1949 778 tunc
1976 724 2151 798 paullo
2180 734 2432 797 protracto
2456 722 2547 778 ob·

402 812 716 879 minuscula,
763 810 863 864 alia
910 814 984 885 2}
1026 821 1159 867 cent.
1204 811 1385 884 longa,
1437 814 1472 864 2
1518 811 1663 878 lata;
1712 811 1813 865 alia
1843 818 1878 866 3
1911 812 2062 887 longa
2091 821 2145 867 et
2171 814 2308 881 lata,
2346 814 2449 868 alia
2482 815 2552 886 4}

410 901 580 974 longa,
608 904 641 954 2
675 899 780 952 lata
808 908 860 952 et
884 898 1088 966 latiora,
1126 898 1380 972 petiolis
1409 899 2057 957 seu-iteretiaeanaliculatis
2083 901 2320 975 inprimis
2346 920 2549 957 sursum

407 988 624 1043 birtellis
654 990 833 1061 1—1}
863 998 996 1044 cent.
1026 987 1188 1060 longis
1219 996 1460 1042 sustenta.
1497 988 1614 1056 (see.
1648 1006 1722 1060 sp.
1757 997 1870 1043 ster.
1900 989 2015 1060 cit.)

494 1180 626 1242 109.
709 1185 1163 1255 repen-omia
1218 1182 1743 1253 pachyplnyna.
1840 1181 1918 1242 P.
1953 1181 2311 1242 verticillata
2361 1182 2550 1241 Hook.

415 1297 471 1346 et
514 1286 686 1346 Am!
727 1288 795 1344 in
829 1285 1094 1363 Beechey
1134 1285 1191 1345 V
1189 1305 1278 1363 oy.
1309 1305 1372 1363 p.
1412 1282 1508 1344 96.
1590 1282 1798 1342 Erecta
1829 1284 2176 1344 succulenta
2207 1285 2551 1347 dichotome

423 1410 688 1466 ramosa,
728 1389 973 1447 hii-tella
993 1434 1013 1464 ,
1054 1386 1214 1447 foliis
1258 1380 1538 1464 oppositis
1573 1396 1633 1445 et
1673 1388 2384 1468 vaticinam-quaternis,
2430 1409 2558 1449 car·

420 1495 603 1568 ιιοεὶε,
645 1492 1086 1552 orbicularibus
1119 1490 1218 1548 vel
1247 1490 1964 1551 obovato·orbicularibus
1989 1491 2251 1551 obsoleta
2277 1492 2556 1570 tri-quin·

416 1595 765 1674 quenerviis
801 1612 980 1671 supra
1015 1592 1238 1671 glabris
1256 1637 1274 1666 ,
1313 1591 1522 1650 subtus
1555 1594 1872 1667 convexis,
1913 1593 2150 1670 petiolis
2190 1594 2562 1671 rannulisque

414 1698 709 1772 hirtellis‚
769 1696 1163 1755 inferioribus
1214 1694 1422 1772 longe,
1481 1695 1891 1773 superioribus
1932 1695 2196 1754 breviter
2226 1696 2551 1773 pendatis,

421 1798 676 1865 amentis
719 1799 819 1879 (ex
869 1797 936 1856 Η.
984 1804 1047 1856 et
1100 1793 1274 1876 Arn.)
1330 1794 1681 1854 axillaribus
1718 1795 2260 1874 terminalibusque
2297 1799 2557 1858 verticil-

419 1901 599 1961 latis?

503 2004 803 2064 Habitat
859 2001 920 2061 in
974 2000 1175 2062 insula
1232 2001 1406 2062 Oahu
1457 2000 1785 2083 (Beecliey!
1831 2001 1894 2060 in
1932 2000 2110 2061 Herb.
2152 2001 2238 2061 De
2272 2003 2421 2063 Less.
2457 2027 2557 2066 no·

423 2110 588 2168 mine
624 2110 687 2168 Ρ.
721 2108 1161 2168 verticillatae?
1204 2114 1266 2165 et
1300 2106 1627 2165 Chamisso!
1674 2106 1737 2163 in
1772 2105 1946 2164 Βοιὼ.
1982 2126 2106 2184 reg.
2141 2105 2357 2185 berol.)

490 2247 651 2301 Herba
699 2266 935 2313 carnosa,
989 2244 1314 2312 succulenta,
1364 2245 1471 2300 basi
1503 2245 1763 2312 indicam,
1800 2255 1997 2314 enecta,
2035 2247 2246 2314 nodosa,
2284 2245 2568 2311 dichotome

424 2352 650 2402 ramosa,
701 2334 1024 2389 exsiccatione
1072 2334 1352 2407 nigrescens
1398 2344 1449 2387 et
1492 2352 1520 2387 e
1567 2352 1749 2387 manco
1788 2333 2056 2407 specimine
2096 2333 2230 2387 haud
2267 2344 2384 2388 tuto
2420 2336 2572 2388 extri·

422 2422 671 2489 tricanda,
721 2427 792 2477 20
823 2432 954 2479 cent.
989 2416 1110 2476 alta.
1188 2421 1393 2475 Caulis
1424 2421 1636 2495 simplex
1669 2419 1878 2494 glaber,
1914 2421 2213 2475 internodiis
2247 2428 2279 2474 3
2311 2432 2443 2476 cent.
2473 2423 2571 2476 cir·

423 2511 548 2563 citer
575 2509 768 2581 longiS‚
805 2509 1056 2563 calamum
1089 2509 1410 2583 scriptorium
1442 2509 1492 2562 in
1525 2510 1651 2561 sic-0
1684 2507 1874 2563 crassis,
1948 2508 2122 2561 Rami
2156 2509 2367 2583 oppositi
2387 2508 2559 2563 dicho-

419 2599 580 2664 tomi,
630 2597 836 2653 lnirtclli.
923 2599 1093 2652 Folia
1139 2598 1356 2671 opposita
1387 2608 1439 2651 et
1471 2596 1771 2650 verticillata
1801 2596 2311 2665 crasso—succulenta,
2350 2599 2402 2651 in
2436 2598 2566 2652 sicco

425 2687 823 2759 rigido-coriacea
851 2686 983 2739 haud
1014 2686 1554 2759 pellucido-punctam,
1584 2703 1733 2756 supra
1760 2683 1933 2756 glabra
1958 2695 2010 2738 et
2035 2685 2570 2759 impresso-punctam,

422 2774 599 2828 subtus
623 2784 674 2827 et
699 2774 889 2845 petiolis
922 2772 1309 2826 ochram-hirta
1328 2810 1344 2837 ‚
1383 2772 1696 2844 marginibus
1726 2770 1896 2824 ciliata
1914 2810 1930 2839 ‚
1970 2772 2132 2825 nervis
2163 2771 2390 2826 obsoletis
2424 2778 2568 2828 3—5

422 2863 701 2920 instructa„
736 2860 969 2914 inferiora
1003 2855 1253 2933 petiolis
1280 2862 1424 2911 2-4
1457 2868 1589 2912 cent.
1619 2857 1783 2930 longis
1818 2868 2042 2911 sustenta
2063 2858 2365 2913 orbicularia
2387 2864 2568 2937 2—23

428 2959 559 3003 cent.
609 2948 756 3021 longa
799 2959 851 3001 et
879 2948 1017 3014 lata,
1054 2947 1299 3019 superiora
1334 2946 1585 3019 petiolis
1616 2951 1759 3020 1—-{
1791 2956 1921 3001 cent.
1951 2946 2113 3020 longis
2145 2947 2220 3001 vel
2258 2947 2571 3004 brevioribus

425 3036 642 3091 suffulta
690 3034 1219 3090 obovato-orbicularia
1269 3034 1348 3087 vel
1392 3033 1605 3088 obovata
1648 3038 1831 3106 2—13
1878 3044 2010 3090 cent.
2053 3035 2235 3111 longa,
2281 3034 2384 3091 fere
2423 3043 2565 3093 2——1

427 3137 559 3182 cent.
591 3127 715 3180 lata.
751 3129 867 3196 (sec.
901 3144 973 3197 sp.
1004 3122 1200 3194 Beech.)

514 3315 646 3376 110.
728 3321 1181 3390 Pcpcromla
1223 3318 1814 3377 Gaudlclmudss.
1902 3317 2141 3394 Erecta,
2193 3320 2571 3396 succulenta,

431 3419 636 3496 glabra
657 3465 675 3495 ‚
727 3439 952 3479 ramosa
973 3466 990 3495 ‚
1052 3419 1208 3478 foliis
1242 3419 1613 3479 succulentis
1645 3419 1869 3496 glabris
1902 3420 2567 3499 pellucido-punctatiS,

381 3533 393 3545 ·
431 3521 835 3595 vaticinatis,
894 3520 1112 3579 infimis
1157 3521 1441 3599 oppositis
1485 3521 1662 3597 longe
1700 3522 2000 3599 petiolatis
2046 3521 2311 3582 obovatis
2345 3525 2537 3584 acutis
2552 3570 2569 3600 ,

439 3624 691 3701 reliquis
724 3624 786 3681 in
824 3623 1036 3681 eodem
1073 3624 1372 3683 verticillo
1408 3623 1829 3700 magnitudine
1859 3623 2147 3699 diversis,
2189 3626 2432 3686 brevius
2472 3647 2575 3706 pe·

436 3725 657 3785 tiolatis
708 3726 990 3804 ellipticis
1025 3734 1087 3785 et
1121 3725 1763 3803 lanceolata-ellipticis
1802 3726 2278 3805 inaequilateriS,
2321 3729 2569 3789 subacu-

432 3828 679 3887 minatis
730 3828 1009 3889 acumine
1063 3831 1307 3904 obtuso,
1360 3829 1893 3908 quinquenerviis,
1933 3830 2187 3889 amentis
2221 3832 2572 3892 axillaribus

435 3932 714 3991 solitariis
748 3933 837 3991 vel
878 3933 1158 4010 oppositis
1191 3932 1458 3992 breviter
1493 3932 1941 4010 pedunculatis‚
1972 3934 2148 3993 rectis
2184 3935 2575 4012 longiusculis

434 4034 1019 4094 filisormi-teretibus
1051 4035 1457 4111 remotissoris,
1498 4036 1698 4095 baccis
1726 4037 2057 4097 rostellatis.

514 4137 812 4198 Habitat
864 4138 929 4197 in
968 4138 1178 4197 insulis
1209 4137 1526 4197 Sandwich
1545 4184 1564 4214 ,
1609 4158 1690 4198 m.
1727 4139 1966 4200 Octobri
2001 4138 2459 4221 (Gaudichaudl
2505 4139 2571 4200 in

438 4240 618 4302 Herb.
663 4241 749 4300 De
795 4230 994 4320 Lesa),
1035 4243 1099 4300 in
1134 4242 1242 4300 ins.
1280 4240 1450 4302 Oahu
1487 4262 1563 4301 m.
1605 4243 1755 4320 Majo
1796 4244 1938 4304 1831
1983 4243 2250 4323 (Meycnl
2296 4245 2360 4303 in
2398 4245 2572 4305 llerb.

437 4362 559 4418 reg.
604 4344 769 4404 berol
800 4342 821 4421 )
