<?xml version="1.0" encoding="UTF-8"?>
<!DOCTYPE html PUBLIC "-//W3C//DTD XHTML 1.0 Transitional//EN"
    "http://www.w3.org/TR/xhtml1/DTD/xhtml1-transitional.dtd">
<html xmlns="http://www.w3.org/1999/xhtml" xml:lang="en" lang="en">
 <head>
  <title>
</title>
<meta http-equiv="Content-Type" content="text/html;charset=utf-8" />
  <meta name='ocr-system' content='tesseract 3.04.00' />
  <meta name='ocr-capabilities' content='ocr_page ocr_carea ocr_par ocr_line ocrx_word'/>
</head>
<body>
  <div class='ocr_page' id='page_1' title='image "./systemapiperace00migugoog_0288.png"; bbox 0 0 3153 5134; ppageno 0'>
   <div class='ocr_carea' id='block_1_1' title="bbox 1581 392 1713 460">
    <p class='ocr_par' dir='ltr' id='par_1_1' title="bbox 1581 392 1713 460">
     <span class='ocr_line' id='line_1_1' title="bbox 1581 392 1713 460; baseline 0 -1"><span class='ocrx_word' id='word_1_1' title='bbox 1581 392 1713 460; x_wconf 81' lang='lat'><strong>274</strong></span> 
     </span>
    </p>
   </div>
   <div class='ocr_carea' id='block_1_2' title="bbox 534 586 2763 1901">
    <p class='ocr_par' dir='ltr' id='par_1_2' title="bbox 534 586 2763 1901">
     <span class='ocr_line' id='line_1_2' title="bbox 583 586 2738 668; baseline -0.001 -15"><span class='ocrx_word' id='word_1_2' title='bbox 583 593 898 653; x_wconf 80' lang='lat' dir='ltr'><strong>teretiusculi</strong></span> <span class='ocrx_word' id='word_1_3' title='bbox 918 633 935 663; x_wconf 90' lang='lat'><strong>,</strong></span> <span class='ocrx_word' id='word_1_4' title='bbox 968 594 1126 664; x_wconf 84' lang='lat' dir='ltr'><strong>fusci,</strong></span> <span class='ocrx_word' id='word_1_5' title='bbox 1162 594 1463 651; x_wconf 86' lang='lat' dir='ltr'><strong>laeviusculi</strong></span> <span class='ocrx_word' id='word_1_6' title='bbox 1485 634 1504 663; x_wconf 92' lang='lat'><strong>,</strong></span> <span class='ocrx_word' id='word_1_7' title='bbox 1535 593 1742 662; x_wconf 86' lang='lat' dir='ltr'><strong>striati,</strong></span> <span class='ocrx_word' id='word_1_8' title='bbox 1779 591 2076 648; x_wconf 67' lang='lat' dir='ltr'><strong>internodiis</strong></span> <span class='ocrx_word' id='word_1_9' title='bbox 2101 597 2138 648; x_wconf 78' lang='lat'><strong>6</strong></span> <span class='ocrx_word' id='word_1_10' title='bbox 2167 602 2302 649; x_wconf 85' lang='lat' dir='ltr'><strong>cent.</strong></span> <span class='ocrx_word' id='word_1_11' title='bbox 2335 592 2514 668; x_wconf 79' lang='lat' dir='ltr'><strong>longis.</strong></span> <span class='ocrx_word' id='word_1_12' title='bbox 2566 586 2738 651; x_wconf 69' lang='lat' dir='ltr'><strong>Folia</strong></span> 
     </span>
     <span class='ocr_line' id='line_1_3' title="bbox 583 679 2740 758; baseline -0 -19"><span class='ocrx_word' id='word_1_13' title='bbox 583 685 845 758; x_wconf 78' lang='lat' dir='ltr'><strong>patentia,</strong></span> <span class='ocrx_word' id='word_1_14' title='bbox 894 683 1151 757; x_wconf 87' lang='lat' dir='ltr'><strong>petiolis</strong></span> <span class='ocrx_word' id='word_1_15' title='bbox 1199 683 1581 750; x_wconf 82' lang='lat' dir='ltr'><strong>teretiusculis,</strong></span> <span class='ocrx_word' id='word_1_16' title='bbox 1628 682 1797 736; x_wconf 86' lang='lat' dir='ltr'><strong>antice</strong></span> <span class='ocrx_word' id='word_1_17' title='bbox 1841 679 2195 737; x_wconf 87' lang='lat' dir='ltr'><strong>canaliculatis</strong></span> <span class='ocrx_word' id='word_1_18' title='bbox 2238 699 2405 753; x_wconf 87' lang='lat' dir='ltr'><strong>sparse</strong></span> <span class='ocrx_word' id='word_1_19' title='bbox 2447 681 2740 755; x_wconf 88' lang='lat' dir='ltr'><strong>puberulis,</strong></span> 
     </span>
     <span class='ocr_line' id='line_1_4' title="bbox 585 768 2743 846; baseline 0 -19"><span class='ocrx_word' id='word_1_20' title='bbox 585 782 844 827; x_wconf 70' lang='lat' dir='ltr'><strong>senectute</strong></span> <span class='ocrx_word' id='word_1_21' title='bbox 891 772 1132 846; x_wconf 81' lang='lat' dir='ltr'><strong>glabratis</strong></span> <span class='ocrx_word' id='word_1_22' title='bbox 1148 812 1165 841; x_wconf 88' lang='lat'><strong>,</strong></span> <span class='ocrx_word' id='word_1_23' title='bbox 1194 777 1265 838; x_wconf 66' lang='lat'><strong>2}</strong></span> <span class='ocrx_word' id='word_1_24' title='bbox 1304 781 1439 828; x_wconf 87' lang='lat' dir='ltr'><strong>cent.</strong></span> <span class='ocrx_word' id='word_1_25' title='bbox 1466 771 1632 845; x_wconf 80' lang='lat' dir='ltr'><strong>longis</strong></span> <span class='ocrx_word' id='word_1_26' title='bbox 1664 779 1891 826; x_wconf 89' lang='lat' dir='ltr'><strong>sustenta</strong></span> <span class='ocrx_word' id='word_1_27' title='bbox 1912 810 1929 840; x_wconf 89' lang='lat'><strong>,</strong></span> <span class='ocrx_word' id='word_1_28' title='bbox 1962 768 2538 844; x_wconf 80' lang='lat' dir='ltr'><strong>rigido-membranacea</strong></span> <span class='ocrx_word' id='word_1_29' title='bbox 2554 809 2572 840; x_wconf 89' lang='lat'>‚</span> <span class='ocrx_word' id='word_1_30' title='bbox 2606 771 2743 827; x_wconf 84' lang='lat' dir='ltr'><strong>obse-</strong></span> 
     </span>
     <span class='ocr_line' id='line_1_5' title="bbox 588 858 2743 934; baseline 0.001 -21"><span class='ocrx_word' id='word_1_31' title='bbox 588 859 839 916; x_wconf 89' lang='lat' dir='ltr'><strong>letissime</strong></span> <span class='ocrx_word' id='word_1_32' title='bbox 880 860 1403 934; x_wconf 67' lang='lat' dir='ltr'><strong>pellucido-punctam</strong></span> <span class='ocrx_word' id='word_1_33' title='bbox 1416 898 1434 929; x_wconf 89' lang='lat'>‚</span> <span class='ocrx_word' id='word_1_34' title='bbox 1486 858 1838 932; x_wconf 86' lang='lat' dir='ltr'><strong>lato-elliptica</strong></span> <span class='ocrx_word' id='word_1_35' title='bbox 1853 898 1869 926; x_wconf 90' lang='lat'><strong>,</strong></span> <span class='ocrx_word' id='word_1_36' title='bbox 1921 877 2106 933; x_wconf 89' lang='lat' dir='ltr'><strong>parum</strong></span> <span class='ocrx_word' id='word_1_37' title='bbox 2157 858 2524 934; x_wconf 87' lang='lat' dir='ltr'><strong>inaequilatera</strong></span> <span class='ocrx_word' id='word_1_38' title='bbox 2538 899 2556 927; x_wconf 93' lang='lat'><strong>,</strong></span> <span class='ocrx_word' id='word_1_39' title='bbox 2602 860 2743 934; x_wconf 88' lang='lat' dir='ltr'><strong>apice</strong></span> 
     </span>
     <span class='ocr_line' id='line_1_6' title="bbox 591 945 2748 1022; baseline -0 -19"><span class='ocrx_word' id='word_1_40' title='bbox 591 947 913 1003; x_wconf 77' lang='lat' dir='ltr'><strong>acutiuscula</strong></span> <span class='ocrx_word' id='word_1_41' title='bbox 928 986 946 1017; x_wconf 91' lang='lat'><strong>,</strong></span> <span class='ocrx_word' id='word_1_42' title='bbox 980 947 1089 1004; x_wconf 88' lang='lat' dir='ltr'><strong>basi</strong></span> <span class='ocrx_word' id='word_1_43' title='bbox 1134 947 1384 1022; x_wconf 84' lang='lat' dir='ltr'><strong>profunde</strong></span> <span class='ocrx_word' id='word_1_44' title='bbox 1424 957 1478 1002; x_wconf 85' lang='lat' dir='ltr'><strong>et</strong></span> <span class='ocrx_word' id='word_1_45' title='bbox 1506 946 1887 1022; x_wconf 84' lang='lat' dir='ltr'><strong>subaequalitcr</strong></span> <span class='ocrx_word' id='word_1_46' title='bbox 1923 946 2130 1000; x_wconf 81' lang='lat' dir='ltr'><strong>cordata</strong></span> <span class='ocrx_word' id='word_1_47' title='bbox 2147 985 2164 1015; x_wconf 99' lang='lat'><strong>,</strong></span> <span class='ocrx_word' id='word_1_48' title='bbox 2202 945 2333 1001; x_wconf 88' lang='lat' dir='ltr'><strong>lobis</strong></span> <span class='ocrx_word' id='word_1_49' title='bbox 2360 947 2748 1002; x_wconf 75' lang='lat' dir='ltr'><strong>conniventibus</strong></span> 
     </span>
     <span class='ocr_line' id='line_1_7' title="bbox 590 1033 2747 1109; baseline -0.001 -19"><span class='ocrx_word' id='word_1_50' title='bbox 590 1039 777 1100; x_wconf 54' lang='lat'><strong>8—33</strong></span> <span class='ocrx_word' id='word_1_51' title='bbox 824 1045 958 1091; x_wconf 84' lang='lat' dir='ltr'><strong>cent.</strong></span> <span class='ocrx_word' id='word_1_52' title='bbox 999 1035 1166 1109; x_wconf 79' lang='lat' dir='ltr'><strong>longis</strong></span> <span class='ocrx_word' id='word_1_53' title='bbox 1208 1034 1401 1090; x_wconf 84' lang='lat' dir='ltr'><strong>obtusis</strong></span> <span class='ocrx_word' id='word_1_54' title='bbox 1420 1070 1438 1103; x_wconf 88' lang='lat'><strong>,</strong></span> <span class='ocrx_word' id='word_1_55' title='bbox 1486 1035 1604 1089; x_wconf 87' lang='lat' dir='ltr'><strong>sinu</strong></span> <span class='ocrx_word' id='word_1_56' title='bbox 1661 1033 1803 1108; x_wconf 87' lang='lat' dir='ltr'><strong>apice</strong></span> <span class='ocrx_word' id='word_1_57' title='bbox 1838 1033 2055 1089; x_wconf 83' lang='lat' dir='ltr'><strong>dilatato</strong></span> <span class='ocrx_word' id='word_1_58' title='bbox 2074 1072 2092 1102; x_wconf 87' lang='lat'><strong>,</strong></span> <span class='ocrx_word' id='word_1_59' title='bbox 2138 1038 2360 1090; x_wconf 80' lang='lat'>27—29</span> <span class='ocrx_word' id='word_1_60' title='bbox 2398 1044 2530 1089; x_wconf 88' lang='lat' dir='ltr'><strong>cent.</strong></span> <span class='ocrx_word' id='word_1_61' title='bbox 2563 1034 2747 1108; x_wconf 80' lang='lat' dir='ltr'><strong>longa,</strong></span> 
     </span>
     <span class='ocr_line' id='line_1_8' title="bbox 590 1121 2748 1197; baseline -0.001 -18"><span class='ocrx_word' id='word_1_62' title='bbox 590 1127 816 1179; x_wconf 82' lang='lat'>16—1&#39;7</span> <span class='ocrx_word' id='word_1_63' title='bbox 845 1122 979 1193; x_wconf 85' lang='lat' dir='ltr'><strong>lata,</strong></span> <span class='ocrx_word' id='word_1_64' title='bbox 1015 1122 1453 1197; x_wconf 84' lang='lat' dir='ltr'><strong>multiplinervia,</strong></span> <span class='ocrx_word' id='word_1_65' title='bbox 1489 1138 1642 1178; x_wconf 83' lang='lat' dir='ltr'><strong>nervo</strong></span> <span class='ocrx_word' id='word_1_66' title='bbox 1674 1121 1842 1177; x_wconf 90' lang='lat' dir='ltr'><strong>medio</strong></span> <span class='ocrx_word' id='word_1_67' title='bbox 1869 1122 1933 1177; x_wconf 90' lang='lat' dir='ltr'><strong>ad</strong></span> <span class='ocrx_word' id='word_1_68' title='bbox 1965 1123 2160 1197; x_wconf 86' lang='lat' dir='ltr'><strong>apicem</strong></span> <span class='ocrx_word' id='word_1_69' title='bbox 2192 1122 2367 1191; x_wconf 87' lang='lat' dir='ltr'><strong>ducto,</strong></span> <span class='ocrx_word' id='word_1_70' title='bbox 2400 1142 2572 1178; x_wconf 77' lang='lat' dir='ltr'><strong>versus</strong></span> <span class='ocrx_word' id='word_1_71' title='bbox 2600 1122 2748 1178; x_wconf 86' lang='lat' dir='ltr'><strong>basin</strong></span> 
     </span>
     <span class='ocr_line' id='line_1_9' title="bbox 593 1210 2751 1286; baseline -0 -20"><span class='ocrx_word' id='word_1_72' title='bbox 593 1229 758 1266; x_wconf 87' lang='lat' dir='ltr'><strong>crasso</strong></span> <span class='ocrx_word' id='word_1_73' title='bbox 789 1222 842 1266; x_wconf 86' lang='lat' dir='ltr'><strong>et</strong></span> <span class='ocrx_word' id='word_1_74' title='bbox 872 1213 1216 1286; x_wconf 82' lang='lat' dir='ltr'><strong>prominente,</strong></span> <span class='ocrx_word' id='word_1_75' title='bbox 1259 1212 1507 1285; x_wconf 86' lang='lat' dir='ltr'><strong>utrinque</strong></span> <span class='ocrx_word' id='word_1_76' title='bbox 1537 1215 1722 1265; x_wconf 82' lang='lat'>9—10</span> <span class='ocrx_word' id='word_1_77' title='bbox 1751 1220 1910 1266; x_wconf 87' lang='lat' dir='ltr'><strong>costas</strong></span> <span class='ocrx_word' id='word_1_78' title='bbox 1936 1211 2207 1265; x_wconf 88' lang='lat' dir='ltr'><strong>emittente</strong></span> <span class='ocrx_word' id='word_1_79' title='bbox 2225 1210 2595 1284; x_wconf 66' lang='lat' dir='ltr'><strong>prominentes»,</strong></span> <span class='ocrx_word' id='word_1_80' title='bbox 2626 1230 2751 1286; x_wconf 64' lang='lat' dir='ltr'><strong>qua»</strong></span> 
     </span>
     <span class='ocr_line' id='line_1_10' title="bbox 596 1286 2750 1372; baseline 0 -18"><span class='ocrx_word' id='word_1_81' title='bbox 596 1318 722 1354; x_wconf 89' lang='lat' dir='ltr'><strong>rum</strong></span> <span class='ocrx_word' id='word_1_82' title='bbox 752 1303 788 1353; x_wconf 84' lang='lat'><strong>5</strong></span> <span class='ocrx_word' id='word_1_83' title='bbox 820 1286 1031 1353; x_wconf 82' lang='lat' dir='ltr'><strong>infimae</strong></span> <span class='ocrx_word' id='word_1_84' title='bbox 1064 1308 1241 1354; x_wconf 89' lang='lat' dir='ltr'><strong>tenues</strong></span> <span class='ocrx_word' id='word_1_85' title='bbox 1274 1298 1338 1353; x_wconf 89' lang='lat' dir='ltr'><strong>ad</strong></span> <span class='ocrx_word' id='word_1_86' title='bbox 1370 1297 1513 1352; x_wconf 87' lang='lat' dir='ltr'><strong>basin</strong></span> <span class='ocrx_word' id='word_1_87' title='bbox 1548 1297 1892 1353; x_wconf 74' lang='lat' dir='ltr'><strong>delitescentes</strong></span> <span class='ocrx_word' id='word_1_88' title='bbox 1920 1309 2012 1353; x_wconf 89' lang='lat' dir='ltr'><strong>aut</strong></span> <span class='ocrx_word' id='word_1_89' title='bbox 2040 1318 2223 1372; x_wconf 89' lang='lat' dir='ltr'><strong>parum</strong></span> <span class='ocrx_word' id='word_1_90' title='bbox 2253 1298 2605 1354; x_wconf 72' lang='lat' dir='ltr'><strong>adscendentes</strong></span> <span class='ocrx_word' id='word_1_91' title='bbox 2620 1337 2638 1366; x_wconf 88' lang='lat'><strong>,</strong></span> <span class='ocrx_word' id='word_1_92' title='bbox 2678 1317 2750 1353; x_wconf 86' lang='lat' dir='ltr'><strong>sc-</strong></span> 
     </span>
     <span class='ocr_line' id='line_1_11' title="bbox 599 1380 2757 1462; baseline 0 -22"><span class='ocrx_word' id='word_1_93' title='bbox 599 1395 815 1462; x_wconf 80' lang='lat' dir='ltr'><strong>quentes</strong></span> <span class='ocrx_word' id='word_1_94' title='bbox 844 1386 1090 1442; x_wconf 86' lang='lat' dir='ltr'><strong>remotius</strong></span> <span class='ocrx_word' id='word_1_95' title='bbox 1119 1389 1303 1462; x_wconf 86' lang='lat' dir='ltr'><strong>(usque</strong></span> <span class='ocrx_word' id='word_1_96' title='bbox 1332 1385 1395 1439; x_wconf 93' lang='lat' dir='ltr'><strong>ad</strong></span> <span class='ocrx_word' id='word_1_97' title='bbox 1430 1393 1462 1454; x_wconf 58' lang='grc' dir='ltr'><strong><em>ἦ</em></strong></span> <span class='ocrx_word' id='word_1_98' title='bbox 1494 1385 1614 1456; x_wconf 89' lang='lat' dir='ltr'><strong>alt.)</strong></span> <span class='ocrx_word' id='word_1_99' title='bbox 1642 1405 1673 1440; x_wconf 90' lang='lat' dir='ltr'><strong>a</strong></span> <span class='ocrx_word' id='word_1_100' title='bbox 1701 1385 1810 1441; x_wconf 83' lang='lat' dir='ltr'><strong>hasi</strong></span> <span class='ocrx_word' id='word_1_101' title='bbox 1843 1396 1984 1441; x_wconf 84' lang='lat' dir='ltr'><strong>ortae</strong></span> <span class='ocrx_word' id='word_1_102' title='bbox 2013 1380 2244 1443; x_wconf 82' lang='lat' dir='ltr'><strong>fortiores</strong></span> <span class='ocrx_word' id='word_1_103' title='bbox 2272 1387 2375 1442; x_wconf 85' lang='lat' dir='ltr'><strong>alte</strong></span> <span class='ocrx_word' id='word_1_104' title='bbox 2399 1387 2757 1455; x_wconf 82' lang='lat' dir='ltr'><strong>adscendunt,</strong></span> 
     </span>
     <span class='ocr_line' id='line_1_12' title="bbox 602 1475 2758 1551; baseline 0 -21"><span class='ocrx_word' id='word_1_105' title='bbox 602 1479 641 1530; x_wconf 81' lang='lat'><em>2</em></span> <span class='ocrx_word' id='word_1_106' title='bbox 671 1493 932 1548; x_wconf 85' lang='lat' dir='ltr'><strong>supremae</strong></span> <span class='ocrx_word' id='word_1_107' title='bbox 963 1493 1122 1551; x_wconf 75' lang='lat' dir='ltr'><strong>usque</strong></span> <span class='ocrx_word' id='word_1_108' title='bbox 1144 1475 1210 1531; x_wconf 93' lang='lat' dir='ltr'><strong>ad</strong></span> <span class='ocrx_word' id='word_1_109' title='bbox 1233 1475 1446 1549; x_wconf 81' lang='lat' dir='ltr'><strong>apicem.</strong></span> <span class='ocrx_word' id='word_1_110' title='bbox 1490 1480 1839 1529; x_wconf 72' lang='lat' dir='ltr'><strong>Anastomosoe</strong></span> <span class='ocrx_word' id='word_1_111' title='bbox 1867 1485 2175 1530; x_wconf 83' lang='lat' dir='ltr'><strong>transversae</strong></span> <span class='ocrx_word' id='word_1_112' title='bbox 2202 1486 2369 1531; x_wconf 85' lang='lat' dir='ltr'><strong>erecto</strong></span> <span class='ocrx_word' id='word_1_113' title='bbox 2377 1475 2758 1531; x_wconf 67' lang='lat' dir='ltr'><strong>adscendentes.</strong></span> 
     </span>
     <span class='ocr_line' id='line_1_13' title="bbox 603 1561 2763 1637; baseline 0 -19"><span class='ocrx_word' id='word_1_114' title='bbox 603 1563 792 1636; x_wconf 77' lang='lat' dir='ltr'><strong>Pagina</strong></span> <span class='ocrx_word' id='word_1_115' title='bbox 824 1583 936 1637; x_wconf 88' lang='lat' dir='ltr'><strong>sup.</strong></span> <span class='ocrx_word' id='word_1_116' title='bbox 973 1564 1140 1619; x_wconf 87' lang='lat' dir='ltr'><strong>nervis</strong></span> <span class='ocrx_word' id='word_1_117' title='bbox 1168 1564 1357 1618; x_wconf 87' lang='lat' dir='ltr'><strong>lineata</strong></span> <span class='ocrx_word' id='word_1_118' title='bbox 1384 1562 1562 1637; x_wconf 82' lang='lat' dir='ltr'><strong>glabra</strong></span> <span class='ocrx_word' id='word_1_119' title='bbox 1576 1601 1595 1630; x_wconf 89' lang='lat'><strong>,</strong></span> <span class='ocrx_word' id='word_1_120' title='bbox 1629 1561 1941 1619; x_wconf 85' lang='lat' dir='ltr'><strong>laeviuscula</strong></span> <span class='ocrx_word' id='word_1_121' title='bbox 1957 1602 1975 1631; x_wconf 91' lang='lat'><strong>,</strong></span> <span class='ocrx_word' id='word_1_122' title='bbox 2027 1563 2092 1618; x_wconf 91' lang='lat' dir='ltr'><strong>ad</strong></span> <span class='ocrx_word' id='word_1_123' title='bbox 2122 1564 2271 1619; x_wconf 87' lang='lat' dir='ltr'><strong>basin</strong></span> <span class='ocrx_word' id='word_1_124' title='bbox 2309 1565 2366 1619; x_wconf 91' lang='lat' dir='ltr'><strong>in</strong></span> <span class='ocrx_word' id='word_1_125' title='bbox 2410 1582 2562 1618; x_wconf 83' lang='lat' dir='ltr'><strong>nervo</strong></span> <span class='ocrx_word' id='word_1_126' title='bbox 2594 1562 2763 1618; x_wconf 88' lang='lat' dir='ltr'><strong>medio</strong></span> 
     </span>
     <span class='ocr_line' id='line_1_14' title="bbox 604 1648 2758 1725; baseline -0.001 -20"><span class='ocrx_word' id='word_1_127' title='bbox 604 1649 888 1724; x_wconf 87' lang='lat' dir='ltr'><strong>puberula,</strong></span> <span class='ocrx_word' id='word_1_128' title='bbox 924 1652 1130 1706; x_wconf 85' lang='lat' dir='ltr'><strong>inferior</strong></span> <span class='ocrx_word' id='word_1_129' title='bbox 1159 1651 1364 1725; x_wconf 81' lang='lat' dir='ltr'><strong>glauca,</strong></span> <span class='ocrx_word' id='word_1_130' title='bbox 1394 1650 1449 1703; x_wconf 93' lang='lat' dir='ltr'><strong>in</strong></span> <span class='ocrx_word' id='word_1_131' title='bbox 1481 1669 1534 1705; x_wconf 90' lang='lat' dir='ltr'><strong>n.</strong></span> <span class='ocrx_word' id='word_1_132' title='bbox 1564 1648 1732 1704; x_wconf 87' lang='lat' dir='ltr'><strong>medio</strong></span> <span class='ocrx_word' id='word_1_133' title='bbox 1757 1659 1809 1703; x_wconf 92' lang='lat' dir='ltr'><strong>et</strong></span> <span class='ocrx_word' id='word_1_134' title='bbox 1828 1649 1978 1703; x_wconf 81' lang='lat' dir='ltr'><strong>costis</strong></span> <span class='ocrx_word' id='word_1_135' title='bbox 1996 1648 2266 1723; x_wconf 85' lang='lat' dir='ltr'><strong>puberula.</strong></span> <span class='ocrx_word' id='word_1_136' title='bbox 2302 1649 2553 1723; x_wconf 86' lang='lat' dir='ltr'><strong>Stipula</strong></span> <span class='ocrx_word' id='word_1_137' title='bbox 2584 1666 2758 1723; x_wconf 79' lang='lat' dir='ltr'><strong>oppo-</strong></span> 
     </span>
     <span class='ocr_line' id='line_1_15' title="bbox 602 1737 2757 1811; baseline -0.001 -18"><span class='ocrx_word' id='word_1_138' title='bbox 602 1737 885 1795; x_wconf 87' lang='lat' dir='ltr'><strong>sitifolia</strong></span> <span class='ocrx_word' id='word_1_139' title='bbox 933 1738 1147 1795; x_wconf 82' lang='lat' dir='ltr'><strong>decidua</strong></span> <span class='ocrx_word' id='word_1_140' title='bbox 1197 1743 1233 1794; x_wconf 76' lang='lat'>4</span> <span class='ocrx_word' id='word_1_141' title='bbox 1272 1747 1401 1793; x_wconf 90' lang='lat' dir='ltr'><strong>cent.</strong></span> <span class='ocrx_word' id='word_1_142' title='bbox 1436 1737 1617 1811; x_wconf 84' lang='lat' dir='ltr'><strong>longa,</strong></span> <span class='ocrx_word' id='word_1_143' title='bbox 1654 1737 1972 1806; x_wconf 83' lang='lat' dir='ltr'><strong>lanceolata,</strong></span> <span class='ocrx_word' id='word_1_144' title='bbox 2007 1738 2473 1805; x_wconf 86' lang='lat' dir='ltr'><strong>acuminatissima,</strong></span> <span class='ocrx_word' id='word_1_145' title='bbox 2508 1737 2757 1805; x_wconf 87' lang='lat' dir='ltr'><strong>coriacea,</strong></span> 
     </span>
     <span class='ocr_line' id='line_1_16' title="bbox 534 1823 2597 1901; baseline -0 -19"><span class='ocrx_word' id='word_1_146' title='bbox 534 1886 546 1896; x_wconf 62' lang='lat'>‚</span> <span class='ocrx_word' id='word_1_147' title='bbox 602 1826 891 1897; x_wconf 83' lang='lat' dir='ltr'><strong>uninervis,</strong></span> <span class='ocrx_word' id='word_1_148' title='bbox 931 1829 1186 1897; x_wconf 86' lang='lat' dir='ltr'><strong>carinata,</strong></span> <span class='ocrx_word' id='word_1_149' title='bbox 1222 1824 1433 1901; x_wconf 82' lang='lat' dir='ltr'><strong>glabra,</strong></span> <span class='ocrx_word' id='word_1_150' title='bbox 1470 1825 1526 1880; x_wconf 93' lang='lat' dir='ltr'><strong>in</strong></span> <span class='ocrx_word' id='word_1_151' title='bbox 1554 1824 1698 1880; x_wconf 89' lang='lat' dir='ltr'><strong>dorso</strong></span> <span class='ocrx_word' id='word_1_152' title='bbox 1724 1823 1923 1880; x_wconf 79' lang='lat' dir='ltr'><strong>catinae</strong></span> <span class='ocrx_word' id='word_1_153' title='bbox 1949 1825 2198 1899; x_wconf 88' lang='lat' dir='ltr'><strong>puberula</strong></span> <span class='ocrx_word' id='word_1_154' title='bbox 2228 1828 2347 1898; x_wconf 88' lang='lat' dir='ltr'><strong>(sec.</strong></span> <span class='ocrx_word' id='word_1_155' title='bbox 2378 1845 2454 1899; x_wconf 89' lang='lat' dir='ltr'><strong>sp.</strong></span> <span class='ocrx_word' id='word_1_156' title='bbox 2482 1826 2597 1898; x_wconf 92' lang='lat' dir='ltr'><strong>cit.)</strong></span> 
     </span>
    </p>
   </div>
   <div class='ocr_carea' id='block_1_3' title="bbox 610 2000 2768 2599">
    <p class='ocr_par' dir='ltr' id='par_1_3' title="bbox 610 2000 2768 2599">
     <span class='ocr_line' id='line_1_17' title="bbox 695 2000 2755 2081; baseline -0 -18"><span class='ocrx_word' id='word_1_157' title='bbox 695 2000 797 2063; x_wconf 82' lang='lat'><strong>32.</strong></span> <span class='ocrx_word' id='word_1_158' title='bbox 879 2001 1256 2063; x_wconf 63' lang='lat' dir='ltr'><strong>chavlcat</strong></span> <span class='ocrx_word' id='word_1_159' title='bbox 1307 2004 1705 2069; x_wconf 78' lang='lat' dir='ltr'><strong>sundalca.</strong></span> <span class='ocrx_word' id='word_1_160' title='bbox 1794 2002 1983 2081; x_wconf 80' lang='lat' dir='ltr'><strong>Piper</strong></span> <span class='ocrx_word' id='word_1_161' title='bbox 2015 2001 2265 2061; x_wconf 83' lang='lat' dir='ltr'><strong>Blume!</strong></span> <span class='ocrx_word' id='word_1_162' title='bbox 2305 2003 2374 2060; x_wconf 78' lang='lat' dir='ltr'><strong>in</strong></span> <span class='ocrx_word' id='word_1_163' title='bbox 2408 2002 2580 2062; x_wconf 74' lang='lat' dir='ltr'><strong>Ver-h.</strong></span> <span class='ocrx_word' id='word_1_164' title='bbox 2616 2001 2755 2062; x_wconf 75' lang='lat' dir='ltr'><strong>Bae.</strong></span> 
     </span>
     <span class='ocr_line' id='line_1_18' title="bbox 620 2102 2761 2187; baseline -0 -21"><span class='ocrx_word' id='word_1_165' title='bbox 620 2106 890 2166; x_wconf 78' lang='lat' dir='ltr'><strong>Genoots.</strong></span> <span class='ocrx_word' id='word_1_166' title='bbox 953 2106 1111 2165; x_wconf 88' lang='lat' dir='ltr'><strong>Tom.</strong></span> <span class='ocrx_word' id='word_1_167' title='bbox 1163 2105 1280 2166; x_wconf 85' lang='lat' dir='ltr'><strong>XI.</strong></span> <span class='ocrx_word' id='word_1_168' title='bbox 1326 2126 1392 2187; x_wconf 83' lang='lat' dir='ltr'><strong>p.</strong></span> <span class='ocrx_word' id='word_1_169' title='bbox 1449 2103 1585 2166; x_wconf 86' lang='lat'>187.</span> <span class='ocrx_word' id='word_1_170' title='bbox 1665 2104 1888 2165; x_wconf 77' lang='lat' dir='ltr'><strong>Enum.</strong></span> <span class='ocrx_word' id='word_1_171' title='bbox 1934 2105 2021 2185; x_wconf 82' lang='lat' dir='ltr'><strong>pl.</strong></span> <span class='ocrx_word' id='word_1_172' title='bbox 2055 2105 2250 2164; x_wconf 83' lang='lat' dir='ltr'><strong>Javae</strong></span> <span class='ocrx_word' id='word_1_173' title='bbox 2278 2106 2438 2184; x_wconf 79' lang='lat' dir='ltr'><strong>fasc.</strong></span> <span class='ocrx_word' id='word_1_174' title='bbox 2475 2105 2531 2164; x_wconf 88' lang='lat' dir='ltr'><strong>I.</strong></span> <span class='ocrx_word' id='word_1_175' title='bbox 2555 2126 2623 2185; x_wconf 85' lang='lat' dir='ltr'><strong>p.</strong></span> <span class='ocrx_word' id='word_1_176' title='bbox 2660 2102 2761 2165; x_wconf 88' lang='grc'><strong>68.</strong></span> 
     </span>
     <span class='ocr_line' id='line_1_19' title="bbox 616 2201 2762 2285; baseline -0.002 -16"><span class='ocrx_word' id='word_1_177' title='bbox 616 2206 924 2269; x_wconf 82' lang='lat' dir='ltr'><strong>Fruticosa</strong></span> <span class='ocrx_word' id='word_1_178' title='bbox 991 2206 1318 2285; x_wconf 86' lang='lat' dir='ltr'><strong>scandens,</strong></span> <span class='ocrx_word' id='word_1_179' title='bbox 1385 2201 1547 2267; x_wconf 82' lang='lat' dir='ltr'><strong>foliis</strong></span> <span class='ocrx_word' id='word_1_180' title='bbox 1618 2206 1888 2266; x_wconf 82' lang='lat' dir='ltr'><strong>breviter</strong></span> <span class='ocrx_word' id='word_1_181' title='bbox 1941 2204 2243 2283; x_wconf 85' lang='lat' dir='ltr'><strong>petiolatis</strong></span> <span class='ocrx_word' id='word_1_182' title='bbox 2296 2222 2476 2282; x_wconf 89' lang='lat' dir='ltr'><strong>supra</strong></span> <span class='ocrx_word' id='word_1_183' title='bbox 2527 2204 2762 2282; x_wconf 83' lang='lat' dir='ltr'><strong>nitidis,</strong></span> 
     </span>
     <span class='ocr_line' id='line_1_20' title="bbox 613 2306 2765 2389; baseline -0.003 -14"><span class='ocrx_word' id='word_1_184' title='bbox 613 2312 831 2375; x_wconf 84' lang='lat' dir='ltr'><strong>subtus</strong></span> <span class='ocrx_word' id='word_1_185' title='bbox 857 2310 1561 2389; x_wconf 61' lang='lat' dir='ltr'><strong>glandtilosmpunctatis,</strong></span> <span class='ocrx_word' id='word_1_186' title='bbox 1594 2307 1981 2368; x_wconf 81' lang='lat' dir='ltr'><strong>inferioribus</strong></span> <span class='ocrx_word' id='word_1_187' title='bbox 2011 2308 2200 2368; x_wconf 72' lang='lat' dir='ltr'><strong>oratis</strong></span> <span class='ocrx_word' id='word_1_188' title='bbox 2233 2306 2449 2367; x_wconf 86' lang='lat' dir='ltr'><strong>leviter</strong></span> <span class='ocrx_word' id='word_1_189' title='bbox 2474 2307 2765 2384; x_wconf 73' lang='lat' dir='ltr'><strong>cordatis,</strong></span> 
     </span>
     <span class='ocr_line' id='line_1_21' title="bbox 620 2410 2764 2495; baseline -0.002 -18"><span class='ocrx_word' id='word_1_190' title='bbox 620 2414 1035 2494; x_wconf 83' lang='lat' dir='ltr'><strong>superioribus</strong></span> <span class='ocrx_word' id='word_1_191' title='bbox 1067 2414 1360 2495; x_wconf 87' lang='lat' dir='ltr'><strong>elliptico-</strong></span> <span class='ocrx_word' id='word_1_192' title='bbox 1369 2412 1644 2491; x_wconf 80' lang='lat' dir='ltr'><strong>oblongis</strong></span> <span class='ocrx_word' id='word_1_193' title='bbox 1681 2411 1807 2471; x_wconf 86' lang='lat' dir='ltr'><strong>basi</strong></span> <span class='ocrx_word' id='word_1_194' title='bbox 1843 2410 2182 2472; x_wconf 81' lang='lat' dir='ltr'><strong>rotundatis</strong></span> <span class='ocrx_word' id='word_1_195' title='bbox 2212 2412 2308 2472; x_wconf 81' lang='lat' dir='ltr'><strong>vel</strong></span> <span class='ocrx_word' id='word_1_196' title='bbox 2342 2411 2764 2490; x_wconf 87' lang='lat' dir='ltr'><strong>acutiusculis,</strong></span> 
     </span>
     <span class='ocr_line' id='line_1_22' title="bbox 610 2514 2768 2599; baseline -0.002 -19"><span class='ocrx_word' id='word_1_197' title='bbox 610 2518 987 2599; x_wconf 65' lang='lat' dir='ltr'><strong>&#39;suboblique</strong></span> <span class='ocrx_word' id='word_1_198' title='bbox 1037 2518 1302 2580; x_wconf 82' lang='lat' dir='ltr'><strong>breviter</strong></span> <span class='ocrx_word' id='word_1_199' title='bbox 1348 2514 1740 2594; x_wconf 76' lang='lat' dir='ltr'><strong>acuminatiS,</strong></span> <span class='ocrx_word' id='word_1_200' title='bbox 1781 2515 2067 2596; x_wconf 83' lang='lat' dir='ltr'><strong>septupli·</strong></span> <span class='ocrx_word' id='word_1_201' title='bbox 2105 2517 2205 2578; x_wconf 85' lang='lat' dir='ltr'><strong>vix</strong></span> <span class='ocrx_word' id='word_1_202' title='bbox 2246 2516 2768 2594; x_wconf 81' lang='lat' dir='ltr'><strong>noveno-nerviis,</strong></span> 
     </span>
    </p>
   </div>
   <div class='ocr_carea' id='block_1_4' title="bbox 622 2619 2769 2786">
    <p class='ocr_par' dir='ltr' id='par_1_4' title="bbox 622 2619 2769 2786">
     <span class='ocr_line' id='line_1_23' title="bbox 622 2619 2769 2704; baseline -0 -22"><span class='ocrx_word' id='word_1_203' title='bbox 622 2622 995 2702; x_wconf 86' lang='lat' dir='ltr'><strong>pedunculis</strong></span> <span class='ocrx_word' id='word_1_204' title='bbox 1022 2624 1249 2702; x_wconf 82' lang='lat' dir='ltr'><strong>petiolo</strong></span> <span class='ocrx_word' id='word_1_205' title='bbox 1281 2621 1687 2699; x_wconf 76' lang='lat' dir='ltr'><strong>brevioribuS,</strong></span> <span class='ocrx_word' id='word_1_206' title='bbox 1718 2628 1962 2682; x_wconf 81' lang='lat' dir='ltr'><strong>amento</strong></span> <span class='ocrx_word' id='word_1_207' title='bbox 1996 2619 2235 2704; x_wconf 78' lang='lat' dir='ltr'><strong>(fem.?)</strong></span> <span class='ocrx_word' id='word_1_208' title='bbox 2269 2620 2604 2703; x_wconf 73' lang='lat' dir='ltr'><strong>cylindrico</strong></span> <span class='ocrx_word' id='word_1_209' title='bbox 2634 2621 2769 2681; x_wconf 87' lang='lat' dir='ltr'><strong>sub·</strong></span> 
     </span>
     <span class='ocr_line' id='line_1_24' title="bbox 623 2744 903 2786; baseline -0.004 -1"><span class='ocrx_word' id='word_1_210' title='bbox 623 2744 903 2786; x_wconf 88' lang='lat' dir='ltr'><strong>recurv0.</strong></span> 
     </span>
    </p>
   </div>
   <div class='ocr_carea' id='block_1_5' title="bbox 698 2845 1793 2921">
    <p class='ocr_par' dir='ltr' id='par_1_5' title="bbox 698 2845 1793 2921">
     <span class='ocr_line' id='line_1_25' title="bbox 698 2845 1793 2921; baseline 0.001 -19"><span class='ocrx_word' id='word_1_211' title='bbox 698 2852 863 2902; x_wconf 86' lang='lat' dir='ltr'><strong>leon.</strong></span> <span class='ocrx_word' id='word_1_212' title='bbox 894 2846 1076 2901; x_wconf 88' lang='lat' dir='ltr'><strong>Blume</strong></span> <span class='ocrx_word' id='word_1_213' title='bbox 1102 2847 1142 2903; x_wconf 90' lang='lat' dir='ltr'><strong>l.</strong></span> <span class='ocrx_word' id='word_1_214' title='bbox 1170 2865 1216 2902; x_wconf 85' lang='lat' dir='ltr'><strong>c.</strong></span> <span class='ocrx_word' id='word_1_215' title='bbox 1246 2846 1339 2921; x_wconf 81' lang='lat' dir='ltr'><strong>fig.</strong></span> <span class='ocrx_word' id='word_1_216' title='bbox 1363 2850 1451 2902; x_wconf 75' lang='lat'><strong>14.</strong></span> <span class='ocrx_word' id='word_1_217' title='bbox 1478 2845 1566 2902; x_wconf 80' lang='lat' dir='ltr'><strong>fol.</strong></span> <span class='ocrx_word' id='word_1_218' title='bbox 1597 2846 1793 2921; x_wconf 79' lang='lat' dir='ltr'><strong>xylogr.</strong></span> 
     </span>
    </p>
   </div>
   <div class='ocr_carea' id='block_1_6' title="bbox 636 2955 2773 3150">
    <p class='ocr_par' dir='ltr' id='par_1_6' title="bbox 636 2955 2773 3150">
     <span class='ocr_line' id='line_1_26' title="bbox 713 2955 2773 3047; baseline 0.001 -24"><span class='ocrx_word' id='word_1_219' title='bbox 713 2963 1014 3023; x_wconf 85' lang='lat' dir='ltr'><strong>Habitat</strong></span> <span class='ocrx_word' id='word_1_220' title='bbox 1060 2962 1126 3020; x_wconf 87' lang='lat' dir='ltr'><strong>in</strong></span> <span class='ocrx_word' id='word_1_221' title='bbox 1176 2955 1827 3047; x_wconf 10' lang='lat' dir='ltr'><strong>insulisbffloluccanis,</strong></span> <span class='ocrx_word' id='word_1_222' title='bbox 1876 2969 1937 3022; x_wconf 84' lang='lat' dir='ltr'><strong>et</strong></span> <span class='ocrx_word' id='word_1_223' title='bbox 1964 2962 2162 3023; x_wconf 85' lang='lat' dir='ltr'><strong>insula</strong></span> <span class='ocrx_word' id='word_1_224' title='bbox 2194 2963 2377 3024; x_wconf 86' lang='lat' dir='ltr'><strong>Nussa</strong></span> <span class='ocrx_word' id='word_1_225' title='bbox 2408 2963 2773 3043; x_wconf 84' lang='lat' dir='ltr'><strong>Kambagan.</strong></span> 
     </span>
     <span class='ocr_line' id='line_1_27' title="bbox 636 3062 1912 3150; baseline -0.003 -23"><span class='ocrx_word' id='word_1_226' title='bbox 636 3066 903 3150; x_wconf 71' lang='lat' dir='ltr'><strong>(Blumel</strong></span> <span class='ocrx_word' id='word_1_227' title='bbox 948 3065 988 3125; x_wconf 92' lang='lat' dir='ltr'><strong>l.</strong></span> <span class='ocrx_word' id='word_1_228' title='bbox 1026 3084 1081 3126; x_wconf 90' lang='lat' dir='ltr'><strong>c.</strong></span> <span class='ocrx_word' id='word_1_229' title='bbox 1116 3072 1178 3125; x_wconf 88' lang='lat' dir='ltr'><strong>et</strong></span> <span class='ocrx_word' id='word_1_230' title='bbox 1212 3065 1279 3123; x_wconf 92' lang='lat' dir='ltr'><strong>in</strong></span> <span class='ocrx_word' id='word_1_231' title='bbox 1315 3064 1490 3124; x_wconf 84' lang='lat' dir='ltr'><strong>Herb.</strong></span> <span class='ocrx_word' id='word_1_232' title='bbox 1533 3064 1724 3143; x_wconf 79' lang='lat' dir='ltr'><strong>Lugd.</strong></span> <span class='ocrx_word' id='word_1_233' title='bbox 1761 3062 1912 3145; x_wconf 86' lang='lat' dir='ltr'><strong>Bat.)</strong></span> 
     </span>
    </p>
   </div>
   <div class='ocr_carea' id='block_1_7' title="bbox 634 3165 2818 4475">
    <p class='ocr_par' dir='ltr' id='par_1_7' title="bbox 634 3165 2818 4475">
     <span class='ocr_line' id='line_1_28' title="bbox 709 3165 2784 3240; baseline 0 -17"><span class='ocrx_word' id='word_1_234' title='bbox 709 3167 917 3223; x_wconf 88' lang='lat' dir='ltr'><strong>Caulis</strong></span> <span class='ocrx_word' id='word_1_235' title='bbox 950 3186 1053 3221; x_wconf 91' lang='lat' dir='ltr'><strong>non</strong></span> <span class='ocrx_word' id='word_1_236' title='bbox 1082 3166 1204 3222; x_wconf 90' lang='lat' dir='ltr'><strong>adeo</strong></span> <span class='ocrx_word' id='word_1_237' title='bbox 1234 3166 1515 3240; x_wconf 80' lang='lat' dir='ltr'><strong>liguescens</strong></span> <span class='ocrx_word' id='word_1_238' title='bbox 1546 3186 1607 3221; x_wconf 89' lang='lat' dir='ltr'><strong>ac</strong></span> <span class='ocrx_word' id='word_1_239' title='bbox 1637 3167 1693 3222; x_wconf 92' lang='lat' dir='ltr'><strong>in</strong></span> <span class='ocrx_word' id='word_1_240' title='bbox 1725 3166 1818 3222; x_wconf 88' lang='lat' dir='ltr'><strong>ch.</strong></span> <span class='ocrx_word' id='word_1_241' title='bbox 1848 3165 2137 3240; x_wconf 84' lang='lat' dir='ltr'><strong>majuscula</strong></span> <span class='ocrx_word' id='word_1_242' title='bbox 2170 3167 2319 3236; x_wconf 85' lang='lat' dir='ltr'><strong>(teste</strong></span> <span class='ocrx_word' id='word_1_243' title='bbox 2352 3166 2457 3238; x_wconf 87' lang='lat' dir='ltr'><strong>Bl.)</strong></span> <span class='ocrx_word' id='word_1_244' title='bbox 2493 3176 2647 3237; x_wconf 84' lang='lat' dir='ltr'><strong>teres,</strong></span> <span class='ocrx_word' id='word_1_245' title='bbox 2679 3168 2784 3223; x_wconf 88' lang='lat' dir='ltr'><strong>lae-</strong></span> 
     </span>
     <span class='ocr_line' id='line_1_29' title="bbox 634 3252 2787 3327; baseline -0.001 -15"><span class='ocrx_word' id='word_1_246' title='bbox 634 3256 742 3324; x_wconf 61' lang='lat' dir='ltr'><strong>viS,</strong></span> <span class='ocrx_word' id='word_1_247' title='bbox 775 3254 884 3308; x_wconf 88' lang='lat' dir='ltr'><strong>basi</strong></span> <span class='ocrx_word' id='word_1_248' title='bbox 932 3253 1116 3307; x_wconf 84' lang='lat' dir='ltr'><strong>calami</strong></span> <span class='ocrx_word' id='word_1_249' title='bbox 1148 3253 1398 3327; x_wconf 81' lang='lat' dir='ltr'><strong>scriptorii</strong></span> <span class='ocrx_word' id='word_1_250' title='bbox 1427 3253 1647 3308; x_wconf 74' lang='lat' dir='ltr'><strong>crassitie</strong></span> <span class='ocrx_word' id='word_1_251' title='bbox 1661 3292 1680 3322; x_wconf 92' lang='lat'><strong>,</strong></span> <span class='ocrx_word' id='word_1_252' title='bbox 1714 3252 1781 3307; x_wconf 90' lang='lat' dir='ltr'><strong>ad</strong></span> <span class='ocrx_word' id='word_1_253' title='bbox 1811 3252 1964 3306; x_wconf 86' lang='lat' dir='ltr'><strong>nodos</strong></span> <span class='ocrx_word' id='word_1_254' title='bbox 1994 3252 2219 3306; x_wconf 85' lang='lat' dir='ltr'><strong>tumidos</strong></span> <span class='ocrx_word' id='word_1_255' title='bbox 2249 3252 2445 3308; x_wconf 90' lang='lat' dir='ltr'><strong>annulo</strong></span> <span class='ocrx_word' id='word_1_256' title='bbox 2471 3252 2579 3308; x_wconf 85' lang='lat' dir='ltr'><strong>lato</strong></span> <span class='ocrx_word' id='word_1_257' title='bbox 2612 3252 2787 3310; x_wconf 88' lang='lat' dir='ltr'><strong>alhido</strong></span> 
     </span>
     <span class='ocr_line' id='line_1_30' title="bbox 637 3335 2789 3417; baseline -0.002 -16"><span class='ocrx_word' id='word_1_258' title='bbox 637 3364 668 3401; x_wconf 86' lang='lat' dir='ltr'><strong>e</strong></span> <span class='ocrx_word' id='word_1_259' title='bbox 696 3342 884 3417; x_wconf 86' lang='lat' dir='ltr'><strong>stipula</strong></span> <span class='ocrx_word' id='word_1_260' title='bbox 913 3340 1244 3416; x_wconf 77' lang='lat' dir='ltr'><strong>oppositifolia</strong></span> <span class='ocrx_word' id='word_1_261' title='bbox 1273 3341 1486 3397; x_wconf 88' lang='lat' dir='ltr'><strong>decidua</strong></span> <span class='ocrx_word' id='word_1_262' title='bbox 1518 3343 1753 3412; x_wconf 77' lang='lat' dir='ltr'><strong>cinctu83</strong></span> <span class='ocrx_word' id='word_1_263' title='bbox 1788 3341 2015 3396; x_wconf 88' lang='lat' dir='ltr'><strong>ramuli</strong></span> <span class='ocrx_word' id='word_1_264' title='bbox 2046 3340 2277 3415; x_wconf 81' lang='lat' dir='ltr'><strong>angulosi</strong></span> <span class='ocrx_word' id='word_1_265' title='bbox 2309 3359 2413 3395; x_wconf 89' lang='lat' dir='ltr'><strong>una</strong></span> <span class='ocrx_word' id='word_1_266' title='bbox 2443 3339 2567 3395; x_wconf 75' lang='lat' dir='ltr'><strong>facie</strong></span> <span class='ocrx_word' id='word_1_267' title='bbox 2582 3335 2789 3397; x_wconf 80' lang='lat' dir='ltr'><strong>sulcati.</strong></span> 
     </span>
     <span class='ocr_line' id='line_1_31' title="bbox 636 3428 2795 3506; baseline -0.002 -16"><span class='ocrx_word' id='word_1_268' title='bbox 636 3431 810 3490; x_wconf 86' lang='lat' dir='ltr'><strong>Folia</strong></span> <span class='ocrx_word' id='word_1_269' title='bbox 856 3430 1064 3506; x_wconf 87' lang='lat' dir='ltr'><strong>patula,</strong></span> <span class='ocrx_word' id='word_1_270' title='bbox 1113 3431 1368 3503; x_wconf 87' lang='lat' dir='ltr'><strong>petiolis</strong></span> <span class='ocrx_word' id='word_1_271' title='bbox 1416 3435 1598 3496; x_wconf 70' lang='lat'>1—1}</span> <span class='ocrx_word' id='word_1_272' title='bbox 1647 3441 1782 3488; x_wconf 89' lang='lat' dir='ltr'><strong>cent.</strong></span> <span class='ocrx_word' id='word_1_273' title='bbox 1824 3430 1986 3504; x_wconf 80' lang='lat' dir='ltr'><strong>longis</strong></span> <span class='ocrx_word' id='word_1_274' title='bbox 2023 3428 2404 3498; x_wconf 76' lang='lat' dir='ltr'><strong>canaliculatis,</strong></span> <span class='ocrx_word' id='word_1_275' title='bbox 2441 3428 2548 3485; x_wconf 88' lang='lat' dir='ltr'><strong>basi</strong></span> <span class='ocrx_word' id='word_1_276' title='bbox 2578 3429 2795 3486; x_wconf 86' lang='lat' dir='ltr'><strong>dilatata</strong></span> 
     </span>
     <span class='ocr_line' id='line_1_32' title="bbox 637 3517 2795 3594; baseline -0.002 -16"><span class='ocrx_word' id='word_1_277' title='bbox 637 3522 832 3578; x_wconf 86' lang='lat' dir='ltr'><strong>nodum</strong></span> <span class='ocrx_word' id='word_1_278' title='bbox 882 3518 1308 3593; x_wconf 86' lang='lat' dir='ltr'><strong>amplectentibus</strong></span> <span class='ocrx_word' id='word_1_279' title='bbox 1323 3557 1340 3586; x_wconf 90' lang='lat'><strong>,</strong></span> <span class='ocrx_word' id='word_1_280' title='bbox 1393 3519 1712 3593; x_wconf 82' lang='lat' dir='ltr'><strong>marginibus</strong></span> <span class='ocrx_word' id='word_1_281' title='bbox 1768 3537 1798 3575; x_wconf 89' lang='lat' dir='ltr'><strong>e</strong></span> <span class='ocrx_word' id='word_1_282' title='bbox 1841 3519 2101 3593; x_wconf 86' lang='lat' dir='ltr'><strong>stipulis</strong></span> <span class='ocrx_word' id='word_1_283' title='bbox 2144 3517 2347 3572; x_wconf 87' lang='lat' dir='ltr'><strong>adnatis</strong></span> <span class='ocrx_word' id='word_1_284' title='bbox 2398 3517 2644 3594; x_wconf 85' lang='lat' dir='ltr'><strong>utrinque</strong></span> <span class='ocrx_word' id='word_1_285' title='bbox 2687 3517 2795 3573; x_wconf 86' lang='lat' dir='ltr'><strong>fere</strong></span> 
     </span>
     <span class='ocr_line' id='line_1_33' title="bbox 639 3606 2792 3687; baseline -0.002 -20"><span class='ocrx_word' id='word_1_286' title='bbox 639 3629 803 3687; x_wconf 87' lang='lat' dir='ltr'><strong>usque</strong></span> <span class='ocrx_word' id='word_1_287' title='bbox 845 3608 910 3663; x_wconf 89' lang='lat' dir='ltr'><strong>ad</strong></span> <span class='ocrx_word' id='word_1_288' title='bbox 954 3607 1146 3681; x_wconf 86' lang='lat' dir='ltr'><strong>apicem</strong></span> <span class='ocrx_word' id='word_1_289' title='bbox 1187 3607 1268 3661; x_wconf 78' lang='lat' dir='ltr'><strong>vel</strong></span> <span class='ocrx_word' id='word_1_290' title='bbox 1299 3606 1362 3661; x_wconf 87' lang='lat' dir='ltr'><strong>ad</strong></span> <span class='ocrx_word' id='word_1_291' title='bbox 1400 3611 1435 3677; x_wconf 62' lang='grc' dir='ltr'>ᾗ</span> <span class='ocrx_word' id='word_1_292' title='bbox 1466 3607 1558 3662; x_wconf 85' lang='lat' dir='ltr'><strong>alt.</strong></span> <span class='ocrx_word' id='word_1_293' title='bbox 1589 3608 1738 3663; x_wconf 88' lang='lat' dir='ltr'><strong>alatis</strong></span> <span class='ocrx_word' id='word_1_294' title='bbox 1765 3618 1818 3662; x_wconf 87' lang='lat' dir='ltr'><strong>et</strong></span> <span class='ocrx_word' id='word_1_295' title='bbox 1843 3608 1925 3663; x_wconf 86' lang='lat' dir='ltr'><strong>his</strong></span> <span class='ocrx_word' id='word_1_296' title='bbox 1952 3608 2068 3663; x_wconf 91' lang='lat' dir='ltr'><strong>dein</strong></span> <span class='ocrx_word' id='word_1_297' title='bbox 2104 3606 2327 3661; x_wconf 88' lang='lat' dir='ltr'><strong>deciduis</strong></span> <span class='ocrx_word' id='word_1_298' title='bbox 2357 3607 2656 3663; x_wconf 82' lang='lat' dir='ltr'><strong>cicatrisatis</strong></span> <span class='ocrx_word' id='word_1_299' title='bbox 2684 3625 2792 3664; x_wconf 78' lang='lat' dir='ltr'><strong>sus—</strong></span> 
     </span>
     <span class='ocr_line' id='line_1_34' title="bbox 641 3694 2818 3769; baseline -0.002 -15"><span class='ocrx_word' id='word_1_300' title='bbox 641 3710 790 3754; x_wconf 88' lang='lat' dir='ltr'><strong>tenta</strong></span> <span class='ocrx_word' id='word_1_301' title='bbox 807 3737 824 3766; x_wconf 88' lang='lat'><strong>,</strong></span> <span class='ocrx_word' id='word_1_302' title='bbox 872 3696 1108 3752; x_wconf 76' lang='lat' dir='ltr'><strong>inferiora</strong></span> <span class='ocrx_word' id='word_1_303' title='bbox 1151 3695 1334 3750; x_wconf 88' lang='lat' dir='ltr'><strong>latiora</strong></span> <span class='ocrx_word' id='word_1_304' title='bbox 1349 3735 1368 3763; x_wconf 91' lang='lat'>‚</span> <span class='ocrx_word' id='word_1_305' title='bbox 1417 3705 1566 3756; x_wconf 83' lang='lat' dir='ltr'><strong>ovata</strong></span> <span class='ocrx_word' id='word_1_306' title='bbox 1581 3735 1599 3762; x_wconf 90' lang='lat'>‚</span> <span class='ocrx_word' id='word_1_307' title='bbox 1635 3695 1743 3750; x_wconf 77' lang='lat' dir='ltr'><strong>basi</strong></span> <span class='ocrx_word' id='word_1_308' title='bbox 1777 3695 1954 3750; x_wconf 81' lang='lat' dir='ltr'><strong>leviter</strong></span> <span class='ocrx_word' id='word_1_309' title='bbox 1984 3694 2188 3749; x_wconf 90' lang='lat' dir='ltr'><strong>cordata</strong></span> <span class='ocrx_word' id='word_1_310' title='bbox 2206 3731 2223 3760; x_wconf 90' lang='lat'><strong>‚</strong></span> <span class='ocrx_word' id='word_1_311' title='bbox 2260 3694 2518 3767; x_wconf 89' lang='lat' dir='ltr'><strong>superiora</strong></span> <span class='ocrx_word' id='word_1_312' title='bbox 2549 3695 2764 3769; x_wconf 79' lang='lat' dir='ltr'><strong>oblonga</strong></span> <span class='ocrx_word' id='word_1_313' title='bbox 2778 3735 2818 3763; x_wconf 24' lang='lat'><strong>‚⁸</strong></span> 
     </span>
     <span class='ocr_line' id='line_1_35' title="bbox 646 3782 2797 3860; baseline -0.002 -18"><span class='ocrx_word' id='word_1_314' title='bbox 646 3785 872 3860; x_wconf 85' lang='lat' dir='ltr'><strong>elliptica</strong></span> <span class='ocrx_word' id='word_1_315' title='bbox 889 3823 907 3852; x_wconf 88' lang='lat'><strong>,</strong></span> <span class='ocrx_word' id='word_1_316' title='bbox 954 3783 1062 3838; x_wconf 87' lang='lat' dir='ltr'><strong>basi</strong></span> <span class='ocrx_word' id='word_1_317' title='bbox 1101 3783 1375 3838; x_wconf 88' lang='lat' dir='ltr'><strong>rotundata</strong></span> <span class='ocrx_word' id='word_1_318' title='bbox 1409 3782 1488 3837; x_wconf 84' lang='lat' dir='ltr'><strong>vel</strong></span> <span class='ocrx_word' id='word_1_319' title='bbox 1519 3782 1767 3838; x_wconf 86' lang='lat' dir='ltr'><strong>subacuta</strong></span> <span class='ocrx_word' id='word_1_320' title='bbox 1782 3822 1799 3850; x_wconf 90' lang='lat'><strong>,</strong></span> <span class='ocrx_word' id='word_1_321' title='bbox 1836 3801 2021 3855; x_wconf 89' lang='lat' dir='ltr'><strong>parum</strong></span> <span class='ocrx_word' id='word_1_322' title='bbox 2047 3782 2415 3857; x_wconf 81' lang='lat' dir='ltr'><strong>inaequilatera</strong></span> <span class='ocrx_word' id='word_1_323' title='bbox 2432 3825 2448 3851; x_wconf 95' lang='lat'><strong>,</strong></span> <span class='ocrx_word' id='word_1_324' title='bbox 2484 3784 2655 3839; x_wconf 90' lang='lat' dir='ltr'><strong>omnia</strong></span> <span class='ocrx_word' id='word_1_325' title='bbox 2683 3782 2797 3838; x_wconf 83' lang='lat' dir='ltr'><strong>hre-</strong></span> 
     </span>
     <span class='ocr_line' id='line_1_36' title="bbox 646 3869 2795 3946; baseline -0.002 -17"><span class='ocrx_word' id='word_1_326' title='bbox 646 3875 782 3929; x_wconf 76' lang='lat' dir='ltr'><strong>viter</strong></span> <span class='ocrx_word' id='word_1_327' title='bbox 810 3870 1112 3945; x_wconf 89' lang='lat' dir='ltr'><strong>suboblique</strong></span> <span class='ocrx_word' id='word_1_328' title='bbox 1136 3881 1190 3925; x_wconf 83' lang='lat' dir='ltr'><strong>et</strong></span> <span class='ocrx_word' id='word_1_329' title='bbox 1223 3880 1371 3925; x_wconf 83' lang='lat' dir='ltr'><strong>acute</strong></span> <span class='ocrx_word' id='word_1_330' title='bbox 1398 3870 1716 3936; x_wconf 86' lang='lat' dir='ltr'><strong>acuminata,</strong></span> <span class='ocrx_word' id='word_1_331' title='bbox 1757 3875 1975 3925; x_wconf 84' lang='lat'>17—20</span> <span class='ocrx_word' id='word_1_332' title='bbox 2010 3879 2142 3926; x_wconf 83' lang='lat' dir='ltr'><strong>cent.</strong></span> <span class='ocrx_word' id='word_1_333' title='bbox 2174 3871 2349 3946; x_wconf 81' lang='lat' dir='ltr'><strong>longa,</strong></span> <span class='ocrx_word' id='word_1_334' title='bbox 2388 3875 2640 3936; x_wconf 58' lang='lat'>10—113</span> <span class='ocrx_word' id='word_1_335' title='bbox 2667 3869 2795 3925; x_wconf 85' lang='lat' dir='ltr'><strong>lata.</strong></span> 
     </span>
     <span class='ocr_line' id='line_1_37' title="bbox 646 3956 2797 4032; baseline -0.002 -16"><span class='ocrx_word' id='word_1_336' title='bbox 646 3965 691 4017; x_wconf 92' lang='lat' dir='ltr'><strong>E</strong></span> <span class='ocrx_word' id='word_1_337' title='bbox 736 3959 844 4014; x_wconf 87' lang='lat' dir='ltr'><strong>basi</strong></span> <span class='ocrx_word' id='word_1_338' title='bbox 885 3959 1046 4013; x_wconf 85' lang='lat' dir='ltr'><strong>simul</strong></span> <span class='ocrx_word' id='word_1_339' title='bbox 1091 3978 1213 4013; x_wconf 90' lang='lat' dir='ltr'><strong>cum</strong></span> <span class='ocrx_word' id='word_1_340' title='bbox 1263 3978 1416 4012; x_wconf 84' lang='lat' dir='ltr'><strong>nervo</strong></span> <span class='ocrx_word' id='word_1_341' title='bbox 1458 3958 1628 4011; x_wconf 88' lang='lat' dir='ltr'><strong>medio</strong></span> <span class='ocrx_word' id='word_1_342' title='bbox 1674 3957 1912 4032; x_wconf 87' lang='lat' dir='ltr'><strong>utrinque</strong></span> <span class='ocrx_word' id='word_1_343' title='bbox 1953 3959 2055 4013; x_wconf 89' lang='lat' dir='ltr'><strong>duo</strong></span> <span class='ocrx_word' id='word_1_344' title='bbox 2098 3956 2326 4016; x_wconf 83' lang='lat' dir='ltr'><strong>fortiores</strong></span> <span class='ocrx_word' id='word_1_345' title='bbox 2357 3959 2496 4014; x_wconf 86' lang='lat' dir='ltr'><strong>nervi</strong></span> <span class='ocrx_word' id='word_1_346' title='bbox 2527 3959 2797 4027; x_wconf 86' lang='lat' dir='ltr'><strong>oriuntur,</strong></span> 
     </span>
     <span class='ocr_line' id='line_1_38' title="bbox 646 4044 2799 4119; baseline -0.002 -16"><span class='ocrx_word' id='word_1_347' title='bbox 646 4067 816 4103; x_wconf 76' lang='lat' dir='ltr'><strong>versus</strong></span> <span class='ocrx_word' id='word_1_348' title='bbox 853 4046 1108 4119; x_wconf 79' lang='lat' dir='ltr'><strong>margines</strong></span> <span class='ocrx_word' id='word_1_349' title='bbox 1155 4064 1309 4118; x_wconf 86' lang='lat' dir='ltr'><strong>usque</strong></span> <span class='ocrx_word' id='word_1_350' title='bbox 1339 4044 1402 4098; x_wconf 92' lang='lat' dir='ltr'><strong>ad</strong></span> <span class='ocrx_word' id='word_1_351' title='bbox 1437 4044 1514 4098; x_wconf 79' lang='lat' dir='ltr'><strong>vel</strong></span> <span class='ocrx_word' id='word_1_352' title='bbox 1544 4064 1696 4118; x_wconf 89' lang='lat' dir='ltr'><strong>supra</strong></span> <span class='ocrx_word' id='word_1_353' title='bbox 1728 4045 1949 4101; x_wconf 89' lang='lat' dir='ltr'><strong>mediam</strong></span> <span class='ocrx_word' id='word_1_354' title='bbox 1977 4047 2224 4102; x_wconf 89' lang='lat' dir='ltr'><strong>laminam</strong></span> <span class='ocrx_word' id='word_1_355' title='bbox 2258 4049 2612 4114; x_wconf 81' lang='lat' dir='ltr'><strong>decurrentes3</strong></span> <span class='ocrx_word' id='word_1_356' title='bbox 2646 4064 2799 4117; x_wconf 89' lang='lat' dir='ltr'><strong>supra</strong></span> 
     </span>
     <span class='ocr_line' id='line_1_39' title="bbox 645 4131 2794 4210; baseline -0.002 -18"><span class='ocrx_word' id='word_1_357' title='bbox 645 4136 795 4192; x_wconf 87' lang='lat' dir='ltr'><strong>basin</strong></span> <span class='ocrx_word' id='word_1_358' title='bbox 838 4135 1084 4208; x_wconf 86' lang='lat' dir='ltr'><strong>utrinque</strong></span> <span class='ocrx_word' id='word_1_359' title='bbox 1144 4152 1280 4186; x_wconf 89' lang='lat' dir='ltr'><strong>unus</strong></span> <span class='ocrx_word' id='word_1_360' title='bbox 1346 4131 1522 4186; x_wconf 86' lang='lat' dir='ltr'><strong>fortior</strong></span> <span class='ocrx_word' id='word_1_361' title='bbox 1581 4132 1746 4188; x_wconf 90' lang='lat' dir='ltr'><strong>oritur</strong></span> <span class='ocrx_word' id='word_1_362' title='bbox 1796 4154 1956 4210; x_wconf 87' lang='lat' dir='ltr'><strong>usquc</strong></span> <span class='ocrx_word' id='word_1_363' title='bbox 2026 4136 2091 4190; x_wconf 88' lang='lat' dir='ltr'><strong>ad</strong></span> <span class='ocrx_word' id='word_1_364' title='bbox 2143 4137 2338 4209; x_wconf 88' lang='lat' dir='ltr'><strong>apicem</strong></span> <span class='ocrx_word' id='word_1_365' title='bbox 2388 4133 2604 4200; x_wconf 87' lang='lat' dir='ltr'><strong>ductus,</strong></span> <span class='ocrx_word' id='word_1_366' title='bbox 2657 4131 2794 4187; x_wconf 89' lang='lat' dir='ltr'><strong>unde</strong></span> 
     </span>
     <span class='ocr_line' id='line_1_40' title="bbox 642 4219 2795 4296; baseline -0.002 -16"><span class='ocrx_word' id='word_1_367' title='bbox 642 4226 828 4280; x_wconf 77' lang='lat' dir='ltr'><strong>folium</strong></span> <span class='ocrx_word' id='word_1_368' title='bbox 872 4233 1085 4296; x_wconf 87' lang='lat' dir='ltr'><strong>septem·</strong></span> <span class='ocrx_word' id='word_1_369' title='bbox 1132 4219 1211 4274; x_wconf 84' lang='lat' dir='ltr'><strong>vel</strong></span> <span class='ocrx_word' id='word_1_370' title='bbox 1241 4220 1701 4293; x_wconf 89' lang='lat' dir='ltr'><strong>septuplinervium</strong></span> <span class='ocrx_word' id='word_1_371' title='bbox 1725 4244 1741 4292; x_wconf 74' lang='grc' dir='ltr'><strong>ς</strong></span> <span class='ocrx_word' id='word_1_372' title='bbox 1779 4223 1834 4278; x_wconf 83' lang='grc' dir='ltr'><strong>ἰη</strong></span> <span class='ocrx_word' id='word_1_373' title='bbox 1864 4224 2133 4280; x_wconf 83' lang='lat' dir='ltr'><strong>latioribus</strong></span> <span class='ocrx_word' id='word_1_374' title='bbox 2163 4225 2226 4279; x_wconf 90' lang='lat' dir='ltr'><strong>ad</strong></span> <span class='ocrx_word' id='word_1_375' title='bbox 2255 4225 2387 4278; x_wconf 89' lang='lat' dir='ltr'><strong>imae</strong></span> <span class='ocrx_word' id='word_1_376' title='bbox 2416 4221 2582 4276; x_wconf 87' lang='lat' dir='ltr'><strong>baseos</strong></span> <span class='ocrx_word' id='word_1_377' title='bbox 2607 4223 2795 4296; x_wconf 77' lang='lat' dir='ltr'><strong>margi·</strong></span> 
     </span>
     <span class='ocr_line' id='line_1_41' title="bbox 644 4309 2794 4369; baseline -0.001 0"><span class='ocrx_word' id='word_1_378' title='bbox 644 4330 765 4369; x_wconf 85' lang='lat' dir='ltr'><strong>nem</strong></span> <span class='ocrx_word' id='word_1_379' title='bbox 814 4313 1059 4368; x_wconf 54' lang='lat' dir='ltr'><strong>neri-ulus</strong></span> <span class='ocrx_word' id='word_1_380' title='bbox 1101 4309 1396 4365; x_wconf 80' lang='lat' dir='ltr'><strong>accessorius</strong></span> <span class='ocrx_word' id='word_1_381' title='bbox 1441 4311 1792 4369; x_wconf 89' lang='lat' dir='ltr'><strong>tenuissimus.</strong></span> <span class='ocrx_word' id='word_1_382' title='bbox 1880 4321 2229 4369; x_wconf 86' lang='lat' dir='ltr'><strong>Anastomoses</strong></span> <span class='ocrx_word' id='word_1_383' title='bbox 2277 4329 2570 4367; x_wconf 89' lang='lat' dir='ltr'><strong>numerosae</strong></span> <span class='ocrx_word' id='word_1_384' title='bbox 2597 4309 2794 4366; x_wconf 80' lang='lat' dir='ltr'><strong>validae</strong></span> 
     </span>
     <span class='ocr_line' id='line_1_42' title="bbox 647 4397 2793 4475; baseline 0 -19"><span class='ocrx_word' id='word_1_385' title='bbox 647 4409 954 4456; x_wconf 84' lang='lat' dir='ltr'><strong>transversae</strong></span> <span class='ocrx_word' id='word_1_386' title='bbox 981 4411 1032 4455; x_wconf 88' lang='lat' dir='ltr'><strong>ct</strong></span> <span class='ocrx_word' id='word_1_387' title='bbox 1063 4397 1380 4470; x_wconf 81' lang='lat' dir='ltr'><strong>reticulatae,</strong></span> <span class='ocrx_word' id='word_1_388' title='bbox 1418 4420 1638 4475; x_wconf 87' lang='lat' dir='ltr'><strong>quarum</strong></span> <span class='ocrx_word' id='word_1_389' title='bbox 1677 4421 1823 4458; x_wconf 82' lang='lat' dir='ltr'><strong>arcus</strong></span> <span class='ocrx_word' id='word_1_390' title='bbox 1853 4421 2005 4475; x_wconf 85' lang='lat' dir='ltr'><strong>prope</strong></span> <span class='ocrx_word' id='word_1_391' title='bbox 2039 4402 2291 4475; x_wconf 73' lang='lat' dir='ltr'><strong>margines</strong></span> <span class='ocrx_word' id='word_1_392' title='bbox 2319 4399 2631 4457; x_wconf 77' lang='lat' dir='ltr'><strong>confluentes</strong></span> <span class='ocrx_word' id='word_1_393' title='bbox 2653 4402 2793 4475; x_wconf 83' lang='lat' dir='ltr'><strong>quasi</strong></span> 
     </span>
    </p>
   </div>
  </div>
 </body>
</html>
