3153 5134
1540 316 1668 381 :392

612 521 805 597 Species
834 521 971 575 inter
989 536 1283 593 congenea-es
1303 517 1435 572 mira
1463 514 1862 591 pulchritudine
1879 514 2138 571 excellens.
2177 519 2320 572 Ram
2333 512 2433 572 uli
2448 520 2686 594 juniae:

543 610 763 666 fistulosi
780 649 798 678 ‚
848 618 1030 664 teretes
1044 646 1064 676 ‚
1115 604 1365 682 profunde
1407 605 1610 672 striati,
1666 604 1724 658 in
1767 603 1895 659 sicco
1944 603 2074 658 fusci
2124 605 2464 678 glabriusculi
2493 609 2574 664 vel
2607 620 2685 664 te-

549 697 799 752 nuissima
828 696 965 770 pube
992 693 1552 770 pulveraceo—adspersi‚
1591 691 1779 747 nodosi.
1852 692 2023 747 Folia
2046 692 2267 747 maxima
2296 697 2367 766 (v.
2390 714 2438 748 c.
2458 700 2529 751 39
2552 708 2687 752 cent.

548 786 730 861 longa,
780 790 853 841 26
893 785 1034 856 lata),
1084 783 1288 858 oblique
1322 792 1469 836 ovata
1496 781 1578 835 vel
1608 780 2036 854 ovato-elliptica,
2073 781 2212 855 apice
2240 784 2545 853 rotundata,
2575 785 2687 840 basi

550 873 802 949 profunde
829 884 883 928 et
912 873 1059 927 valde
1087 870 1422 945 inaequaliter
1444 869 1673 940 cordata,
1705 868 1835 923 lobis
1863 868 2354 942 subapproximatiS‚
2378 872 2686 941 rotundatis,

550 962 744 1035 majore
790 968 898 1034 10,
952 963 1146 1016 minore
1197 965 1232 1014 '7
1279 969 1410 1013 cent.
1459 958 1641 1031 long0‚
1695 957 1911 1012 coriacea
1953 977 2105 1031 opaca
2121 998 2137 1026 ,
2191 960 2274 1014 vix
2318 960 2686 1033 epunctulata‚

553 1050 785 1124 margine
809 1049 1135 1106 subrevoluto
1161 1045 1533 1120 subrepandula
1547 1090 1562 1117 ,
1602 1065 1755 1120 supra
1781 1045 1956 1119 glabra
1984 1046 2147 1102 laevia
2174 1047 2366 1117 nitida,
2401 1050 2467 1104 ad
2492 1050 2689 1105 lentem

554 1139 839 1193 verruculis
881 1138 1057 1212 sparsis
1102 1136 1295 1204 obsita,
1353 1134 1534 1190 subtus
1583 1133 1820 1208 inprimis
1868 1134 1922 1187 in
1956 1134 2121 1189 nervis
2152 1136 2473 1211 aemulisque
2499 1138 2686 1210 pubes-

552 1228 716 1282 centia
731 1267 749 1296 ‚
803 1228 964 1282 nervis
1013 1225 1516 1297 anastomosibusque
1558 1222 1733 1277 crassis
1787 1221 2060 1277 reticulata
2077 1264 2092 1279 .
2143 1224 2687 1299 ferrugineo-nitentia.

550 1319 595 1372 E
641 1335 797 1372 nervo
839 1314 1005 1369 medio
1047 1313 1278 1387 inprimis
1321 1331 1491 1366 versus
1536 1311 1682 1365 basin
1734 1312 2039 1366 crassissimo
2078 1333 2231 1388 prope
2263 1313 2404 1369 basin
2438 1315 2494 1368 in
2525 1315 2685 1369 latere

555 1402 752 1456 minore
795 1409 926 1467 tm,
978 1399 1031 1452 in
1081 1398 1272 1472 majore
1316 1402 1458 1452 5—-6
1507 1408 1666 1453 costae
1688 1442 1704 1470 ,
1756 1409 2001 1472 et-aesupra
2029 1399 2173 1454 basin
2209 1421 2365 1476 usque
2394 1402 2458 1456 ad
2488 1403 2706 1477 apicem,

557 1494 702 1546 3-4
732 1488 978 1564 utrinqne
1005 1498 1165 1542 costae
1196 1487 1466 1554 oriuntur,
1503 1486 1887 1555 adscendentes,
1923 1507 2142 1562 quarum
2172 1509 2433 1563 supremae
2462 1492 2590 1546 duae
2619 1493 2686 1547 ad

564 1578 762 1653 apicem
811 1576 1112 1651 pertingunt
1159 1586 1209 1630 et
1258 1594 1424 1629 aream
1465 1573 1728 1630 obovatam
1759 1575 2040 1631 includunt
2055 1618 2074 1647 ,
2113 1576 2335 1652 reliquae
2362 1598 2529 1635 versus
2557 1600 2690 1634 mar·

557 1667 699 1741 gines
725 1666 948 1720 tendunt
975 1673 1027 1719 et
1057 1664 1227 1718 crassis
1258 1662 1652 1718 anastomosibus
1677 1664 2197 1735 reticulato-ramosiS‚
2220 1686 2248 1721 e
2270 1668 2427 1723 latere
2454 1670 2692 1726 exteriore

555 1755 677 1810 ortis
710 1754 786 1809 vel
817 1753 1118 1809 dichotomis
1147 1752 1547 1827 conjunguntur.
1623 1751 1901 1806 Petiolus
1931 1771 2155 1822 crassu3‚
2185 1755 2531 1825 succulentus,
2568 1756 2687 1813 sub·

558 1842 798 1897 tilissime
822 1840 1097 1915 puberulus
1130 1840 1209 1894 vel
1241 1839 1340 1893 fere
1369 1837 1544 1913 glaber
1559 1879 1576 1907 ‚
1612 1840 1778 1894 antice
1805 1841 2115 1896 membranis
2146 1842 2438 1916 stipulaceis
2462 1863 2522 1899 ex
2551 1855 2694 1901 utro-

558 1949 660 2004 que
707 1930 862 1985 latere
909 1928 1152 1984 involutis
1193 1928 1414 1983 scariosis
1448 1937 1725 1982 transverse
1750 1929 1944 2001 rugosis
1971 1940 2111 1984 totus
2139 1930 2423 1988 instructus
2436 1972 2453 2000 ‚
2496 1938 2532 1988 '7
2562 1945 2695 1992 cent.

554 2018 756 2072 circiter
784 2017 977 2092 longus.
1053 2022 1270 2071 Ament
1285 2036 1387 2070 um
1435 2015 1873 2089 oppositifolium‚
1911 2017 2020 2091 ped
2037 2018 2260 2073 unculo
2293 2025 2327 2073 5
2365 2030 2496 2076 cent.
2543 2021 2695 2097 longo

559 2104 888 2159 teretiusculo
953 2104 1220 2177 subglabro
1264 2103 1460 2176 patenti
1507 2096 1829 2174 sustentum'‚
1883 2103 2163 2176 pendulum
2181 2145 2197 2168 .,
2250 2105 2571 2161 fructiferum
2618 2115 2695 2165 60

559 2201 694 2247 cent.
738 2191 938 2245 circiter
977 2189 1190 2263 longum
1207 2229 1224 2257 ‚
1274 2190 1617 2264 cylindricum
1668 2210 1831 2245 versus
1878 2192 2070 2265 apicem
2116 2192 2290 2264 paullo
2333 2203 2660 2250 attenuatum
2676 2236 2694 2265 ‚

563 2279 672 2334 basi
720 2285 752 2345 {-
782 2289 915 2333 cent.
946 2296 1190 2345 crassum,
1214 2277 1427 2332 seriebus
1457 2276 1725 2333 baccarum
1756 2279 1950 2334 sordide
1979 2279 2332 2334 lutoecentibus
2360 2280 2691 2341 instructum.

559 2370 851 2421 Bracteae
881 2365 1216 2438 persistentes,
1243 2365 1378 2438 apice
1405 2367 1679 2421 rotundato
1712 2367 1793 2421 vel
1821 2377 2094 2422 transverse
2120 2367 2334 2441 oblongo
2364 2369 2697 2427 subinvoluto

564 2452 1147 2526 floccoso-pubcscentes,
1177 2452 1372 2507 sordide
1402 2452 1573 2507 luteae
1590 2492 1607 2518 ‚
1631 2453 1859 2527 singulae
1884 2454 2061 2509 baccae
2090 2454 2231 2509 basin
2262 2455 2518 2530 stipantes.
2563 2463 2691 2514 Sta·

565 2543 732 2598 mina
791 2546 860 2597 4?
949 2545 1168 2597 Baccae
1220 2541 2001 2617 quadrato-parallelepipedeae‚
2051 2564 2081 2599 a
2148 2544 2399 2601 lateribus
2452 2565 2700 2621 compres-

564 2652 645 2688 sae
662 2671 679 2699 ,
731 2632 870 2706 apice
914 2630 1121 2705 planae,
1159 2641 1211 2685 et
1241 2631 1295 2684 in
1332 2641 1504 2684 centro
1534 2631 1819 2703 superficiei
1849 2633 2113 2707 superioris
2139 2634 2369 2688 cicatrice
2404 2636 2695 2709 majuscula

562 2720 843 2774 lutescente
889 2720 1191 2792 stigmatum
1235 2720 1325 2790 (an
1369 2721 1427 2790 3)
1478 2718 1815 2789 umbonum,
1866 2731 2124 2776 caeterum
2166 2721 2341 2795 nigrae
2383 2731 2437 2777 ct
2478 2723 2698 2798 glabrae.

566 2811 682 2880 (sec.
715 2827 843 2883 spec.
877 2808 1056 2863 Domb.
1087 2807 1238 2865 Herb.
1267 2812 1395 2863 Mus.
1431 2807 1608 2877 Paris.)

640 2985 953 3060 Specimen
980 2985 1426 3058 incompletum
1458 2983 1946 3058 Poeppigianum
1978 3004 2007 3039 a
2042 2995 2210 3041 nostro
2243 2986 2568 3060 aliquatenus
2594 2987 2693 3042 dif-

567 3074 668 3129 fert
727 3092 822 3128 nec
880 3084 1053 3127 tamen
1101 3074 1246 3141 adeo,
1284 3082 1348 3125 ut
1391 3071 1674 3126 differentia
1708 3070 1938 3145 specifica
1988 3072 2146 3128 statui
2175 3085 2351 3147 posset.
2423 3080 2526 3130 Hae
2554 3075 2702 3130 illius

569 3161 916 3216 differentiae:
970 3161 1153 3216 folium
1196 3161 1372 3235 paullo
1420 3162 1719 3235 angustius3
1781 3159 2011 3217 bracteae
2057 3163 2389 3219 subtilissime
2434 3163 2667 3219 birtellae
2682 3204 2702 3234 ‚

569 3250 751 3305 baccae
781 3249 1091 3303 immaturae
1117 3248 1720 3323 depresso-subrutundae.

646 3343 712 3393 ln
739 3338 880 3394 icone
909 3339 966 3393 fl.
1004 3342 1180 3395 Peruv.
1214 3336 1395 3391 folium
1426 3338 1565 3412 apice
1598 3336 2006 3393 acutiusculum.

650 3518 716 3569 In
762 3514 935 3571 Herb.
983 3518 1064 3568 De
1106 3518 1257 3568 LesS.
1302 3514 1536 3569 ramulus
1586 3523 1752 3569 exstat
1791 3514 1928 3570 foliis
1960 3524 2015 3569 et
2037 3515 2255 3571 amentis
2281 3516 2605 3571 nascentibus
2633 3514 2722 3570 in«

577 3610 831 3669 structus,
869 3621 900 3655 a
933 3601 999 3656 cl.
1038 3617 1332 3656 Mumsws
1375 3605 1450 3673 (n.
1486 3607 1630 3657 1699
1666 3602 1742 3655 vel
1774 3607 1916 3657 1655
1932 3604 1981 3673 1³)
2018 3602 2073 3655 in
2119 3604 2346 3658 Amet-ica
2385 3604 2562 3660 merid.
2605 3605 2709 3659 lec·

579 3700 703 3757 tus,
758 3689 941 3745 habitu
975 3710 1004 3745 a
1041 3690 1398 3764 speciminibus
1431 3691 1613 3744 nostris
1657 3690 1876 3744 maturis
1917 3690 2174 3758 diversus»,
2229 3710 2380 3764 quem
2431 3702 2608 3746 autem
2646 3692 2712 3747 ad

579 3777 713 3833 banc
739 3779 949 3852 speciem
976 3779 1296 3834 referendum
1328 3797 1426 3833 esse
1455 3778 1663 3833 credidi.
1735 3782 1879 3831 Ram
1892 3777 2029 3833 ulus
2056 3778 2235 3833 obtuse
2256 3778 2487 3852 trigonus
2520 3763 2732 3854 glaber..

581 3865 753 3921 Folia
799 3868 1016 3924 coriacea
1047 3878 1347 3942 epunctata‚
1383 3886 1534 3941 supra
1562 3866 1867 3920 subobscura
1885 3905 1901 3932 ‚
1941 3866 2114 3940 glabra
2131 3905 2148 3933 ‚
2183 3867 2366 3922 subtus
2394 3868 2716 3925 subnitidula

577 3963 632 4007 et
660 3953 892 4027 inprimis
917 3955 973 4009 in
1003 3955 1167 4009 nervis
1201 3964 1255 4008 et
1286 3955 1483 4008 venulis
1511 3954 1836 4028 pubescentia
1854 3992 1872 4021 ‚
1905 3953 2112 4028 oblique
2142 3955 2392 4029 oblonga,
2426 3955 2536 4011 basi
2568 3957 2713 4012 valde

575 4039 834 4115 inaequali
878 4043 1078 4098 cordata
1096 4080 1112 4110 ‚
1162 4042 1290 4097 lobis
1336 4042 1828 4117 subdivergentibus,
1891 4043 2038 4097 costis
2067 4044 2121 4097 in
2152 4043 2307 4098 latere
2337 4039 2527 4118 majore
2551 4048 2585 4100 9
2605 4084 2622 4112 ,
2661 4044 2716 4100 in

581 4129 778 4185 minore
816 4136 876 4197 7,
929 4131 1253 4185 interioribus
1295 4131 1680 4205 approximatis,
1718 4136 1790 4186 30
1821 4140 1950 4185 cent.
1992 4130 2172 4204 longa,
2209 4137 2283 4186 17
2313 4131 2453 4201 lata3
2487 4132 2716 4206 petioli

582 4222 724 4274 5-6
770 4229 903 4276 cent.
946 4220 1118 4293 longi,
1161 4222 1300 4277 dorso
1330 4219 1602 4296 puberuli,
1628 4221 1856 4295 juniores
1887 4219 2130 4295 utrinque
2159 4220 2444 4289 lato-alati,
2479 4221 2576 4276 alis
2605 4220 2715 4294 pla—

582 4305 665 4360 nis
707 4307 1117 4382 conver-gentibus
1135 4349 1152 4380 ,
1205 4310 1287 4366 sed
1322 4309 1427 4364 cito
1474 4309 1681 4365 omnino
1707 4308 1963 4364 involutis,
2040 4312 2299 4363 Amenta
2330 4308 2586 4364 nascentia
2614 4325 2714 4383 pe·
