3153 5134
1447 352 1579 415 379

526 575 581 611 ο.
636 556 790 612 Valde
835 556 1017 611 hirtae.
1086 554 1227 609 Folia
1273 571 1422 627 supra
1462 551 1583 605 inde
1606 549 1684 606 ab
1725 550 1870 605 initio
1896 550 2330 607 areolam-hullosa
2344 589 2363 621 ,
2397 549 2581 607 subtus

631 644 883 701 lacunosa.
952 647 1191 701 60—69.

527 733 578 788 h.
632 734 772 789 Folia
815 753 965 808 supra
1011 733 1161 808 plana
1175 771 1192 800 ,
1228 750 1326 785 non
1356 729 1454 782 nisi
1480 737 1647 782 aetate
1676 735 1909 799 provecta
1932 726 1988 780 in
2014 726 2320 801 quibusdam
2349 721 2582 797 bullosa3

633 840 786 896 supra
813 820 1174 893 scabro-aspera
1190 857 1207 887 ,
1240 817 1422 872 subtus
1450 815 1626 889 pilosa.

684 911 714 942 ‘¹‘
747 920 910 966 costae
936 909 1172 983 utrinque
1203 907 1339 961 inter
1369 907 1529 959 7-9.
1567 905 1800 956 70—72.

658 999 716 1031 *Ψ
826 1020 857 1051 a>
945 1004 1009 1066 5,
1051 1003 1085 1053 6
1120 997 1199 1051 vel
1231 1014 1346 1051 raro
1383 998 1434 1049 ⁷7.
1474 995 1701 1047 73—97.

633 1085 721 1117 *⁴¹*
827 1105 859 1136 »
947 1090 1016 1151 5,
1050 1089 1085 1139 4
1124 1084 1202 1138 vel
1238 1089 1291 1138 s.
1327 1084 1598 1137 98—107.

526 1192 570 1224 c.
629 1170 768 1227 Folia
799 1181 862 1226 ut
890 1173 948 1226 in
975 1173 1036 1238 h,
1072 1172 1158 1226 sed
1187 1169 1283 1244 pili
1311 1168 1526 1242 paginae
1554 1165 1823 1240 superioris
1852 1176 2025 1221 tenues
2056 1167 2260 1237 molloe,
2302 1169 2437 1223 unde
2462 1168 2585 1226 folia

633 1269 778 1314 tactu
804 1259 940 1314 haud
968 1258 1158 1315 scabra.
1228 1260 1531 1313 108-114.

526 1349 577 1403 d.
630 1348 769 1403 Folia
799 1358 863 1403 ut
890 1348 948 1402 in
979 1350 1051 1415 h,
1084 1347 1170 1402 sed
1200 1365 1349 1419 supra
1381 1344 1575 1418 glabra.
1648 1345 1952 1397 115-123.

524 1454 573 1490 e.
628 1435 769 1490 Folia
798 1446 862 1490 ut
890 1436 946 1490 in
977 1437 1049 1503 h,
1085 1433 1168 1488 sed
1195 1435 1436 1508 utrinque
1462 1430 1663 1506 glabra.
1731 1433 2039 1486 124-125.

528 1595 730 1650 Sectio
765 1597 828 1650 V.
915 1592 1336 1668 Leiophyllon.
1408 1592 1546 1646 Folia
1594 1590 1699 1644 fere
1745 1590 2075 1663 aequilatera,
2116 1588 2363 1664 oblonga,
2394 1595 2590 1650 ammi.

457 1691 607 1751 nata,
639 1682 748 1736 basi
778 1683 862 1736 vix
891 1681 1204 1755 inaequalia,
1240 1690 1458 1747 castata,
1494 1697 1647 1752 supra
1679 1677 1895 1732 nitentia
1916 1677 2117 1752 glabra,
2145 1679 2325 1735 subtus
2350 1682 2404 1736 in
2427 1685 2591 1739 nervis

461 1770 686 1825 molliter
710 1769 878 1844 pilosa.
953 1774 1137 1824 Baccae
1172 1771 1261 1841 (an
1290 1768 1345 1822 in
1375 1767 1638 1839 omnibus)
1671 1766 1850 1822 hirtae.
1919 1770 2227 1823 126—180.

530 1930 729 1985 Sectio
765 1934 851 1986 VI.
924 1929 1341 2005 Hemipodion.
1415 1927 1556 1982 Folia
1603 1925 1814 2001 oblonga
1844 1926 1923 1982 vel
1967 1927 2276 2000 lanceolata,
2309 1930 2415 1985 basi
2447 1932 2592 1988 valde

462 2019 743 2095 inaequalia
779 2023 905 2092 (uno
932 2021 1098 2076 baseos
1126 2020 1281 2075 latere
1307 2020 1541 2089 resecto),
1576 2015 1993 2091 patulo-costata,
2027 2029 2161 2073 costa
2192 2039 2424 2094 suprema
2453 2018 2592 2076 haud

458 2109 526 2164 ad
557 2108 749 2182 apicem
780 2109 952 2166 ducta.
1022 2113 1255 2163 Bracteae
1283 2105 1530 2182 peltatae,
1568 2104 1767 2160 ciliatae
1796 2105 1877 2159 vel
1906 2104 2127 2163 villosae.
2202 2112 2504 2166 131—140.

532 2255 733 2310 Sectio
767 2259 878 2311 VII.
951 2253 1328 2330 Isophyllon.
1402 2251 1541 2307 Folia
1569 2250 1781 2325 oblonga
1816 2251 1894 2306 vel
1924 2251 2227 2322 lanceolata,
2258 2253 2353 2309 iere
2380 2253 2601 2330 aequila-

461 2353 589 2412 tera,
613 2344 722 2400 basi
750 2343 980 2419 aequalia
1001 2343 1081 2397 vel
1106 2340 1448 2416 subaequalia‚
1475 2338 1781 2413 plerumque
1802 2337 2208 2413 patulo-costata,
2237 2351 2371 2396 costa
2392 2358 2599 2397 summa

459 2452 574 2488 raro
618 2433 679 2486 ad
726 2432 917 2506 apicem
963 2430 1117 2485 ducta
1132 2468 1149 2498 ,
1186 2429 1362 2504 glabra
1402 2427 1481 2484 vel
1527 2427 1744 2483 hirtella.
1816 2432 2048 2483 Bracteae
2081 2428 2476 2484 conchaeformes
2516 2427 2597 2483 vel

458 2521 822 2664 Peltiioexiervus
865 2606 1065 2660 medius
1106 2624 1194 2680 per
1239 2615 1402 2660 totam
1448 2603 1818 2677 longitudinem
1854 2601 2285 2670 multi-costatus,
2320 2612 2484 2660 costae
2511 2624 2600 2679 pa-

637 2694 797 2749 tulae.
866 2697 1171 2748 141—153.

539 2784 590 2838 b.
642 2792 806 2837 costae
840 2800 1000 2856 usque
1026 2781 1089 2834 ad
1114 2786 1146 2846 {-
1168 2780 1366 2835 circiter
1388 2779 1480 2835 alt.
1504 2789 1659 2846 ortae,
1682 2777 2240 2853 patulo-adscendentes.
2291 2781 2598 2839 154—165.

532 2913 735 2970 Sectio
770 2917 909 2969 vm.
979 2909 1299 2967 Ottonioid
1312 2931 1390 2966 es.
1446 2913 1590 2967 Folia
1611 2910 1910 2979 lanceolata,
1936 2911 2191 2987 elongata,
2214 2912 2317 2969 basi
2340 2916 2597 2990 aequalia,

460 3002 665 3079 glabra,
716 3000 1251 3068 venalem-costulam,
1304 2999 1507 3055 costulis
1554 3000 1859 3075 quibusdam
1905 3020 1934 3055 e
1976 3001 2084 3056 basi
2109 3002 2229 3057 ortis
2259 3003 2363 3059 alte
2390 3004 2592 3061 adscen-

462 3092 700 3148 dentibus
716 3130 733 3158 ,
768 3089 974 3165 reliquis
1002 3088 1211 3164 patulis.
1280 3093 1510 3145 Bracteae
1540 3090 2049 3148 cucullato-inflexae.
2121 3096 2430 3151 166—168.

533 3253 731 3309 Sectio
767 3256 856 3307 IX.
928 3251 1269 3307 Saliuncae.
1342 3252 1477 3306 Folia
1502 3252 1914 3320 membranacea,
1945 3252 2247 3322 lanceolata,
2281 3253 2387 3310 basi
2414 3254 2592 3312 leviter

460 3341 744 3417 inaequalia
760 3381 776 3408 ,
826 3339 1049 3394 tenuiter
1090 3338 1539 3407 multi-costulata,
1598 3340 1850 3413 puberula
1882 3340 1962 3396 vel
1994 3340 2188 3415 glabra.
2264 3347 2477 3397 Amenta
2501 3343 2593 3399 ab·

458 3430 697 3486 breviata.
771 3433 1001 3483 Bracteae
1029 3428 1242 3482 inflexae
1273 3428 1351 3481 vel
1380 3429 1780 3484 conchaeformes
1795 3467 1813 3497 ,
1862 3426 2066 3502 glabrae
2095 3428 2175 3483 vel
2203 3427 2589 3503 glabriusculae.

455 3519 712 3575 Fruticuli
741 3518 975 3573 humiles,
1045 3521 1360 3572 169—176.

527 3679 731 3735 Sectio
760 3681 825 3734 X.
898 3676 1442 3753 Hymenophyllon.
1494 3677 1634 3733 Folia
1651 3676 2327 3752 pellucido-membranacea,
2362 3678 2588 3737 subtilis-

456 3767 583 3821 sime
606 3764 881 3840 puber-ula,
914 3763 1292 3837 ovato-oblonga
1317 3766 1397 3819 vel
1424 3765 1667 3839 elliptico-
1675 3765 1976 3835 lanceolata,
2012 3765 2118 3821 basi
2150 3765 2329 3822 leviter
2353 3767 2590 3842 inaequa—

456 3855 528 3909 lia
585 3851 859 3907 rotundata
911 3852 990 3905 vel
1036 3851 1329 3906 subcordata
1347 3892 1363 3919 ,
1420 3853 1828 3909 4—6-costulata
1843 3892 1861 3922 ,
1911 3854 2116 3909 costulis
2158 3854 2588 3912 adscendentibus.

451 3940 627 3996 Petioli
669 3939 866 3993 diutius
910 3938 1049 3994 alati.
1121 3946 1336 3993 Amenta
1364 3939 1668 3996 abbreviata.
1742 3945 1974 3996 Bracteae
2001 3940 2170 3996 breves
2199 3942 2332 3997 inter
2354 3942 2588 3999 antheras

457 4046 665 4102 magnas
712 4026 1123 4081 subabsconditae
1138 4065 1155 4094 ,
1203 4026 1630 4102 inflexo-peltatae
1672 4030 2000 4085 subtilissime
2050 4029 2309 4089 ciliolatae.
2399 4036 2585 4088 Baccae

454 4116 689 4171 obovatae
713 4114 798 4170 vix
826 4113 1104 4189 angulosae.
1173 4113 1497 4172 Suffruticuli
1527 4116 1765 4173 humiles.
1837 4122 2149 4174 177—179.

531 4276 767 4350 Species
797 4293 1015 4349 parum
1046 4273 1348 4348 cognitae.
1419 4281 1727 4336 180—190.

529 4364 771 4440 Species
802 4363 990 4423 florae
1016 4363 1415 4423 fluminensis
1442 4364 1643 4423 dubiae.
