3153 5134
1457 367 1583 429 551

502 577 554 627 3.
629 569 803 641 Piper
834 565 1254 621 tiliaefolium
1287 563 1548 620 Hamilt.
1581 563 1750 619 Prod.
1783 562 1864 637 pl.
1901 563 2031 622 Ind.
2058 582 2175 620 occ.
2208 584 2260 640 p.
2294 571 2347 622 4.
2414 569 2590 624 Ramis

492 2392 548 2442 5.

634 652 1349 729 albo-griseoepulverulentiS,
1387 652 1527 707 soliis
1565 652 1802 725 oppositis
1841 651 2355 710 lato-cordato·ovatis
2391 656 2587 710 acumi-

636 746 772 801 natis
798 743 1079 810 trinerviis,
1105 761 1261 815 supra
1292 742 1498 808 nitidis,
1524 741 1712 797 subtus
1736 739 2032 814 pubet-ulis,
2055 744 2274 800 amentis
2295 732 2586 800 ’subbinatis

632 831 927 888 axillaribus
959 827 1293 885 dissimilibus
1308 866 1327 895 ‚
1363 847 1394 883 a
1423 827 1583 883 latere
1610 827 1950 903 inaequaliter
1979 827 2204 887 sulcatis.

713 925 903 976 Frutex
938 916 1285 993 cayennensis.

713 1005 1072 1063 verisimiliter
1107 1005 1171 1059 ad
1208 1022 1422 1078 sequens
1458 1023 1618 1078 genus
1652 1003 1996 1062 referendum.

632 1131 862 1181 Laurea
899 1121 1199 1178 Gaudiob.
1229 1122 1380 1176 ltin.
1414 1123 1755 1196 Freyoinet.
1790 1123 2130 1196 Botanique
2155 1144 2209 1197 p.
2231 1129 2360 1181 513.
2417 1125 2589 1182 Endl.

635 1220 846 1270 Gener.
881 1231 936 1267 n.
974 1213 1140 1267 1822.
1214 1209 1480 1282 »Spadix
1516 1209 1932 1284 subcylindrieus
1967 1209 2182 1265 floribus
2216 1211 2446 1286 undique
2477 1222 2583 1267 tec·

632 1312 740 1358 tus.
810 1300 1018 1354 Flores
1060 1296 1488 1372 hermaphroditi,
1537 1298 1809 1353 bracteis
1857 1302 1890 1352 2
1937 1298 2018 1353 vel
2056 1299 2291 1373 pluribus
2328 1319 2588 1374 squamae-

632 1387 882 1444 formibus
910 1384 1098 1439 villosis
1127 1384 1297 1439 mixti.
1368 1385 1655 1441 Stamina
1683 1392 1752 1456 23
1785 1387 2078 1442 antherae
2103 1386 2429 1458 biloculares,
2460 1389 2583 1444 sub-

630 1475 886 1551 globosae,
913 1472 1095 1531 loculis
1119 1472 1415 1528 lateralibus
1442 1473 1705 1548 oppositis,
1733 1473 2173 1549 longitudinaliter
2194 1476 2580 1534 dehiscentibus·

629 1562 925 1619 Ovarium
958 1559 1408 1635 ovato—oblongum
1442 1561 1775 1618 uniloculare.
1845 1562 2089 1637 stigma
2121 1564 2584 1639 elongato-subula·

634 1660 751 1705 tum
788 1647 1049 1705 villosum.

707 1735 937 1791 Frutiees
969 1734 1049 1791 vel
1086 1734 1285 1791 arbores
1318 1735 1377 1791 in
1412 1736 1611 1792 Gaiana
1645 1737 1938 1810 indigenae,
1987 1738 2145 1795 ramis
2178 1740 2402 1809 nodosis,
2444 1739 2581 1797 foliis

624 1825 863 1900 oppositis
891 1823 1263 1897 integerrimis,
1299 1824 1633 1890 acuminatis,
1674 1824 1781 1879 basi
1810 1825 2150 1896 subeordatis,
2181 1845 2332 1902 supra
2362 1828 2582 1902 glabriS,

629 1913 816 1968 subtus
843 1911 1253 1978 subtementosis,
1282 1910 1489 1983 stipulis
1518 1910 1851 1984 petiolaribus
1879 1911 2115 1985 geminis,
2143 1913 2430 1986 spadicibus
2454 1915 2581 1970 axil-

622 2000 868 2056 laribus.”
905 1999 1078 2054 Endl.
1105 2030 1178 2040 —
1204 2002 1324 2073 Syn.
1350 1998 1528 2072 Piper
1558 1998 1979 2055 tiliaefolium
2003 2004 2193 2072 Desm,
2218 2001 2284 2056 ad
2304 2003 2445 2076 quod
2466 2022 2576 2078 spe·

623 2089 722 2144 cies
752 2088 1065 2163 homonyma
1095 2086 1376 2142 Hamiltoni
1406 2087 1565 2141 etiam
1595 2088 1849 2161 pertineat
1879 2088 2154 2145 verisimile
2184 2099 2277 2146 oet.

706 2178 888 2232 Planta
914 2195 946 2231 a
974 2194 1057 2230 me
1082 2194 1184 2229 non
1212 2175 1343 2246 visa,
1380 2174 1465 2229 sed
1492 2173 1558 2230 ob
1589 2174 1816 2231 bracteas
1842 2175 2038 2250 plures,
2067 2178 2258 2253 stigma
2286 2187 2426 2236 eerto
2453 2180 2568 2255 qui·

631 2265 750 2322 dem
785 2286 846 2321 ex
880 2265 1058 2321 ordine
1092 2262 1421 2320 excludenda.

618 2385 797 2459 Piper
842 2379 1274 2438 sessilifolium
1318 2379 1531 2437 Willd.
1579 2380 1756 2438 Herb.
1802 2401 1852 2436 n.
1895 2387 2029 2439 735!
2077 2385 2292 2458 (sterile)
2330 2387 2398 2442 ab
2435 2401 2571 2442 mm-

625 2485 844 2526 Botnno
878 2488 1033 2544 prope
1064 2468 1311 2524 Bordones
1342 2468 1565 2536 lectum,
1601 2478 1738 2523 certo
1769 2469 1956 2526 oertius
1987 2490 2048 2526 ex
2078 2473 2270 2528 Ordine
2300 2473 2568 2530 excluden-

621 2560 768 2616 dum.
840 2562 924 2615 An
968 2557 1287 2633 Stryehnea?
1361 2562 1424 2634 ln
1466 2555 1644 2613 Steud.
1687 2558 1946 2615 Nomenol.
1989 2559 2148 2618 etiam
2193 2560 2354 2619 titulo
2396 2566 2470 2617 Pe
2477 2581 2567 2636 pe-

622 2648 851 2705 romiae
886 2646 1283 2703 sessilifoliae
1320 2650 1381 2702 Η.
1421 2650 1476 2700 Β.
1513 2654 1863 2701 enumeratur.
