3153 5134
1504 404 1507 406 .
1599 351 1730 417 242

593 547 1011 609 lato-rotundatis
1052 547 1268 619 dissitis,
1317 544 1430 616 sinu
1474 547 1619 624 apice
1657 548 1901 619 dilatato,
1951 549 2292 626 aequilatera,
2342 552 2481 626 apice
2526 553 2747 611 breviter

591 639 910 706 acuminata,
952 637 1189 695 acumine
1229 637 1576 706 acutiusculo,
1612 637 1712 693 alia
1745 643 1889 694 8--9
1922 649 2054 695 cent.
2082 639 2261 714 longa,
2297 644 2445 696 6-7
2474 641 2611 710 lata,
2642 642 2747 699 alia

588 732 625 785 6
658 727 812 800 longa
840 735 894 780 et
927 725 1059 793 lata,
1093 725 1265 784 omnia
1301 725 1666 798 septemnervia
1698 735 1792 780 aut
1825 726 1989 781 nervis
2016 725 2210 781 infimis
2237 728 2413 781 statim
2444 726 2619 783 bifidis
2649 749 2738 785 ne-

591 814 906 882 vamum-via,
939 833 1093 869 nervo
1123 813 1292 868 medio
1320 813 1386 868 ad
1414 814 1637 886 apicem,
1672 817 1707 868 2
1744 813 2065 869 adstantibus
2096 814 2196 869 fere
2225 815 2291 870 ad
2317 817 2514 890 apicem
2547 817 2741 887 ductis,

590 901 800 977 reliquis
835 900 1018 956 sensim
1056 899 1399 968 brevioribus&
1425 900 1665 954 omnibus
1698 899 1879 969 subtus
1916 901 2222 973 prominulis
2256 912 2310 957 et
2344 905 2739 963 anastomosibus

589 987 873 1046 reticulatis
903 987 1208 1062 prominulis
1230 987 1449 1061 junctis.
1520 986 1707 1060 Pagina
1738 1005 1852 1061 sup.
1886 997 2109 1042 saturate
2143 988 2318 1043 viridis
2349 988 2505 1045 laevis
2535 991 2739 1065 subgla-

588 1077 709 1147 bm,
739 1075 920 1152 junior
971 1076 1106 1151 pube
1157 1075 1508 1149 microscopica
1543 1074 1781 1142 decidua,
1818 1074 2114 1148 lbrtioreque
2146 1076 2444 1149 persistente
2474 1079 2540 1133 ad
2572 1080 2737 1135 imam

585 1166 761 1233 basin,
789 1163 990 1218 inferior
1017 1164 1071 1218 in
1099 1163 1265 1218 nervis
1291 1161 1793 1239 hirtello-puberula,
1822 1161 2055 1236 inprimis
2081 1182 2253 1217 versus
2278 1163 2439 1220 basin.
2487 1166 2741 1241 stipula
2839 1236 2842 1239 Δ

589 1250 1018 1327 oppositifolia
1043 1255 1075 1305 1
1110 1260 1242 1305 cent.
1271 1249 1447 1323 longa,
1479 1249 1782 1318 lanceolata,
1813 1249 2106 1317 convoluta,
2138 1251 2315 1324 glabra
2342 1254 2463 1323 (sec.
2487 1253 2737 1311 stolonem

585 1359 646 1395 ex
683 1343 746 1394 Η.
783 1337 941 1393 110101.
976 1339 1193 1408 comm.)
1264 1336 1343 1392 cl.
1381 1351 1559 1391 1111111111
1600 1338 1842 1407 (Linnaea
1878 1341 2002 1392 xul
2034 1358 2085 1412 p.
2120 1341 2253 1410 574)
2286 1350 2530 1395 amenta
2560 1359 2739 1398 masc.

587 1427 743 1494 vidit,
791 1425 1060 1480 bracteis
1100 1425 1384 1480 imbricatis
1425 1425 1611 1492 ovatis,
1643 1425 1875 1498 peltatis,
1910 1424 2193 1494 sessilibus,
2223 1427 2480 1496 convexis,
2518 1427 2735 1502 glabris,

584 1513 866 1569 antheris
893 1516 928 1567 2
960 1511 1304 1567 subsessilibus
1331 1511 1714 1567 bilocularibus.

553 1719 560 1726 ·
667 1696 726 1757 9.
802 1696 1141 1758 'chance
1189 1699 1691 1757 sal-mentesa.
1791 1697 1982 1777 Piper
2024 1710 2444 1761 summosam
2497 1699 2688 1761 Rome.
2702 1701 2730 1756 Ι

587 1801 677 1861 Fl.
723 1800 858 1860 [nd.
907 1801 1065 1858 Tom.
1099 1799 1155 1858 I.
1191 1819 1254 1878 p.
1302 1797 1437 1859 160.
1517 1800 1592 1858 Ρ.
1629 1800 1957 1878 latifolium
1994 1801 2229 1861 Παπίου·
2252 1804 2318 1860 in
2365 1804 2563 1863 Asiat.
2605 1803 2738 1862 Re-

584 1906 732 1962 sear.
787 1902 938 1960 Tom.
976 1902 1091 1960 IX.
1119 1921 1185 1980 p.
1220 1899 1340 1959 392
1388 1912 1528 1960 teste
1565 1902 1757 1962 Rosrh.
1794 1903 1983 1982 Piper
2019 1903 2262 1962 Sirihoa
2310 1905 2514 1964 Willd.
2547 1906 2727 1966 Herb.

587 2025 648 2064 n.
694 2001 852 2065 682!
925 2004 1274 2083 Peperomia
1316 2015 1673 2064 sarmentosa
1719 2005 1797 2064 A.
1843 2004 2034 2064 Dietr.
2117 2005 2300 2064 Caule
2338 2005 2724 2085 fruticuloso,

584 2106 776 2166 sterili
818 2105 1223 2164 decumbente
1261 2105 1598 2182 radicante,
1648 2107 1915 2167 florifero
1956 2107 2078 2167 alte
2111 2106 2517 2167 adscendente
2553 2129 2727 2169 erec-

584 2215 678 2283 tc,
733 2206 1076 2269 dichotome
1113 2227 1374 2283 ramoso,
1424 2207 1583 2267 infra
1626 2208 1869 2285 glabro,
1915 2207 2165 2268 ramulis
2205 2208 2553 2269 tenuissime
2588 2210 2725 2270 hir-

583 2309 745 2369 tellis
762 2354 780 2384 ,
847 2308 1008 2369 foliis
1070 2308 1462 2370 inferioribus
1531 2310 1712 2388 longe
1764 2310 2061 2389 petiolatis
2108 2309 2395 2370 rotundat
2404 2311 2725 2373 o-cordatis

583 2420 692 2473 aut
739 2412 1360 2473 lato-ovato-eordatis
1411 2413 1681 2472 breviter
1727 2421 1788 2473 et
1840 2413 2052 2473 obtuse
2100 2415 2461 2474 acuminatis
2512 2415 2728 2494 aequi-

581 2514 784 2577 lateris
828 2514 1281 2595 septemnerviis
1329 2516 1425 2577 vel
1473 2523 1535 2576 et
1581 2516 2053 2597 decuplinerviis
2068 2562 2086 2593 ,
2137 2509 2545 2597 superioribus
2591 2518 2725 2580 1110·

582 2620 739 2679 viter
795 2620 1093 2706 petiolatis
1146 2627 1254 2679 aut
1303 2619 1718 2680 subsessilibus
1765 2622 2237 2700 ovato-oblongis
2260 2668 2277 2699 ‚
2332 2622 2725 2701 inaequilate-

581 2724 699 2799 ris,
768 2723 894 2782 basi
963 2721 1270 2801 inaequali
1337 2723 1695 2783 subcordata
1762 2732 1870 2786 aut
1922 2725 2242 2787 rotundata
2259 2771 2277 2801 ,
2336 2725 2726 2801 acuminatis,

578 2825 1141 2906 quintuplinerviis,
1175 2826 1454 2885 omnibus
1479 2828 2173 2888 crasso-membranaceis
2192 2827 2577 2888 subtilissime
2599 2827 2725 2907 pel-

584 2928 1137 3007 lucido-punctatis,
1170 2926 1409 3007 petiolis
1435 2930 1760 3009 nervisque
1786 2930 2085 3008 imprimis
2112 2932 2323 2990 subtus
2352 2931 2617 2990 maxime
2645 2930 2725 2989 ad

581 3030 751 3091 basin
797 3030 1102 3091 subtiliter
1143 3030 1430 3107 hii-tellis,
1474 3051 1654 3111 supra
1690 3032 1941 3111 glabris,
1988 3034 2241 3093 amentis
2275 3033 2555 3092 femineis
2588 3033 2724 3092 bre·

580 3134 758 3194 vibus
801 3133 1366 3215 crasso-cylindrieis
1408 3134 1831 3213 pedunculum
1876 3135 2304 3216 aequantibus,
2350 3134 2726 3213 stigmatibus

582 3234 622 3296 4
656 3235 1020 3295 lanceolatis.

650 3373 826 3431 Herb-
861 3373 1045 3429 Willd.
1080 3373 1120 3430 1.
1155 3392 1199 3429 0.
1237 3376 1334 3447 (sp.
1370 3391 1402 3428 a
1440 3388 1609 3429 lum(
1644 3373 1700 3428 in
1736 3371 1866 3428 Ind.
1900 3391 1981 3458 01.
2017 3372 2255 3443 lectum).

663 3505 955 3567 Habitat
1017 3506 1084 3565 in
1137 3506 1351 3567 insulis
1402 3506 1563 3567 arch.
1615 3506 1847 3567 Malaiei
1889 3506 2069 3587 ν01111
2130 3505 2289 3565 Hort.
2334 3504 2586 3567 Calcutt.
2621 3505 2723 3565 in-

588 3607 866 3668 troducta
913 3609 1153 3689 (110th
1209 3608 1251 3668 l.
1304 3626 1358 3673 0,
1411 3616 1473 3668 et
1523 3609 1590 3666 in
1640 3608 1817 3668 110111.
1869 3608 1956 3667 De
1993 3608 2163 3683 Less.,
2220 3607 2525 3669 Wallieh!
2578 3609 2715 3668 List.

583 3710 739 3771 6641
789 3710 916 3791 A.)‚
958 3711 1090 3771 lnd.
1135 3710 1355 3774 orient.
1396 3709 1599 3791 (Herb.
1647 3709 1967 3769 Ventenat!
2022 3729 2188 3769 nune
2234 3709 2321 3770 De
2364 3708 2569 3790 Lesa),
2614 3709 2715 3768 Ni-

583 3813 767 3898 cobar
811 3811 1069 3894 (ibid.!),
1127 3812 1195 3872 iu
1259 3812 1456 3872 insula
1518 3812 1665 3871 lava
1715 3810 2074 3890 (Kleinhoffl
2126 3811 2304 3891 ibid.)
2312 3858 2330 3887 ,
2388 3813 2454 3872 111
2503 3811 2714 3871 insulis

580 3915 865 3975 Moluceis
907 3915 1068 3997 (chr.
1121 3914 1344 3975 Smith!
1393 3910 1585 3993 ibid.),
1665 3912 1891 3973 Malaiis
1929 3913 2164 3991 Gadoe,
2217 3914 2419 3975 Canda
2459 3913 2555 3974 vel
2595 3913 2715 3973 Gu-

586 4018 761 4078 duhk
803 4017 1046 4077 dieitur.

646 4163 942 4218 Chavicae
985 4159 1369 4234 Roxburgbii
1412 4158 1639 4233 proxime
1678 4170 1890 4233 cognata
1932 4160 2015 4215 sed
2062 4160 2193 4215 soliis
2237 4160 2375 4232 apice
2414 4158 2631 4213 breviter
2668 4169 2723 4214 et

574 4251 747 4306 obtuse
785 4249 1116 4315 acuminatis,
1161 4246 1499 4320 superioribus
1535 4247 1929 4323 ovato-oblongis
1962 4246 2267 4303 acuminatis
2295 4245 2402 4301 basi
2433 4245 2574 4301 baud
2604 4266 2720 4320 pro-

574 4338 735 4393 funde
777 4337 856 4393 vel
902 4357 1004 4394 non
1050 4335 1268 4393 cordatis
1302 4334 1763 4411 quintuplinervis,
1808 4346 2005 4393 statura
2045 4334 2310 4391 elevatiore
2348 4344 2475 4392 met.
2515 4334 2725 4391 diversa.
