3153 5134
1394 375 1524 441 369

367 573 631 627 Amenta
678 573 1009 647 oppositifolia
1054 570 1339 647 gracillima
1386 574 1830 647 erecto-patentia,
1866 574 1987 627 tolio
2034 582 2216 650 parum
2250 572 2473 628 breviora
2489 605 2507 642 ς

364 661 731 734 pedunculis
759 662 979 716 hirtcllis
1005 661 1333 716 filiformibus
1363 666 1502 716 2-4
1518 671 1654 718 cent.
1682 662 1846 734 longis
1875 671 2118 717 sustenta.
2153 661 2503 716 Pedunculi

366 749 550 803 rectius
579 768 608 803 e
641 749 839 804 ramulo
867 750 929 804 ad
965 751 1158 823 apicem
1188 769 1247 804 ex
1276 749 1427 804 axilla
1443 749 1553 805 folii
1571 749 1787 804 abortivi
1804 748 2104 803 amentifero
2118 758 2172 803 et
2187 767 2297 803 vero
2311 748 2504 822 pedun-

362 835 480 892 culo
539 837 800 909 compositi
857 836 1144 905 habentur,
1208 856 1328 891 nam
1380 838 1548 892 medio
1598 847 1721 892 sunt
1766 835 2025 890 articulati
2042 875 2060 904 ‚
2108 847 2161 890 et
2209 835 2503 891 articulatio

362 917 575 979 foliolo
605 925 806 980 sessili
834 924 1309 1000 squamaeformi
1336 930 1365 979 1
1402 944 1527 978 mm.
1560 924 1761 978 circiter
1788 924 1940 996 longo
1971 924 2206 995 stipatur.
2243 927 2501 977 Amenta

363 1011 467 1085 ipsa
499 1012 794 1083 filiformia,
837 1014 1162 1082 rectiuscula‚
1199 1018 1344 1069 3-5
1378 1023 1510 1069 cent.
1532 1012 1710 1085 longa,
1735 1011 1950 1065 rhachi
1981 1010 2237 1066 subtiliter
2266 1010 2492 1083 bix-tella,

359 1096 607 1158 laxiflora.
679 1106 791 1157 Bra
802 1113 935 1157 ctea
985 1103 1201 1176 oblonga
1261 1102 1441 1157 obtusa
1487 1101 1983 1158 cucullato-concava
1997 1139 2015 1168 ‚
2059 1093 2194 1155 infra
2237 1099 2494 1155 subtiliter

360 1187 565 1246 birtella
604 1201 657 1246 et
699 1193 975 1266 persistens.
1059 1191 1340 1245 Stamina
1381 1196 1417 1245 5
1434 1230 1452 1259 ‚
1503 1210 1571 1245 an
1623 1197 1818 1263 semper
1833 1194 1878 1257 Ρ,
1930 1191 2161 1245 ovarium
2210 1188 2462 1260 cingentia
2480 1228 2497 1255 ‚

361 1273 712 1333 filamentis
758 1273 995 1334 brevibus
1037 1278 1211 1333 crassis
1226 1317 1243 1345 ,
1286 1277 1662 1351 persistentibus
1699 1287 1752 1332 et
1791 1276 2003 1331 demum
2035 1278 2172 1351 apice
2199 1277 2496 1334 incrassati&

361 1368 449 1419 An
460 1365 671 1420 therae
695 1363 884 1436 fuscae,
922 1362 1454 1437 globoso-reniformae‚
1486 1364 1670 1419 loculis
1698 1364 1828 1418 rima
1854 1364 2047 1421 laterali
2076 1364 2358 1433 hiantibus,
2395 1367 2496 1421 sin·

359 1452 495 1527 gulis
522 1452 998 1527 dissepimentifiziis.
1069 1453 1362 1507 Ovarium
1387 1453 1772 1528 subglobosnm,
1796 1453 1935 1526 apice
1958 1453 2253 1528 stigmata
2276 1463 2497 1527 quatuor

359 1556 474 1596 raro
498 1542 601 1596 tria
630 1541 801 1595 brevia
826 1540 1006 1596 obtusa
1031 1540 1257 1613 patentia
1286 1560 1478 1615 gei-ene.
1514 1543 1632 1613 (sec.
1663 1560 1737 1615 sp.
1768 1540 1885 1612 cit.)

444 1831 593 1893 XVI.
671 1837 1306 1896 PEL'roBRYoN
1348 1856 1618 1896 nto'rzscn
1658 1834 1792 1896 Mas.
1837 1829 1906 1894 in
1956 1827 2132 1895 Herb.
2167 1856 2286 1918 reg.
2323 1837 2494 1896 beroL

338 1933 535 1998 *Flor
550 1957 621 1996 es
672 1936 1148 2015 hermaphroditi
1198 1938 1384 1999 dense
1433 1937 1782 1998 amentacei.
1902 1937 2157 1999 Bracte
2172 1959 2256 1999 ae
2306 1937 2498 1998 serius

367 2039 663 2101 deciduae
681 2086 700 2117 ,
741 2040 1163 2120 pedicellatae,
1205 2043 1700 2102 membranaceae
1733 2041 1834 2101 vel
1872 2042 2496 2118 submembranaceaej

368 2143 538 2222 apice
585 2144 1316 2223 conchaesormi·peltatae
1332 2191 1350 2221 ‚
1417 2144 1643 2205 vertice
1694 2145 2052 2223 triangulari
2102 2142 2201 2205 vel
2250 2144 2500 2205 semior-

364 2248 641 2309 biculari.
740 2247 1063 2308 Stamina
1138 2248 1174 2308 4
1247 2249 1452 2309 ovatio
1506 2249 1963 2326 circumposita,
2022 2254 2129 2307 aut
2178 2248 2217 2308 2
2239 2293 2257 2322 ,
2335 2246 2498 2308 fila-

368 2352 636 2411 mentis
684 2352 972 2411 teretibus
1019 2344 1505 2429 persistentibus,
1567 2345 1909 2411 antheris
1938 2347 2364 2411 renisormibus
2402 2343 2501 2411 vel

365 2448 919 2529 reniformi-ovatis,
948 2445 1410 2530 bilocularibus,
1430 2447 1800 2513 articulatim
1815 2444 2111 2514 deciduis,
2151 2444 2500 2512 Ovarium

368 2564 614 2618 ovatum
669 2557 768 2617 vel
813 2557 1230 2636 subglobosum
1249 2604 1268 2634 ‚
1338 2559 1403 2617 in
1453 2558 1726 2638 stylum
1782 2550 2033 2635 longum
2088 2566 2501 2631 attenuatum,

368 2660 849 2738 stigmatibus
880 2659 1059 2735 2—4,
1085 2661 1446 2739 plerumque
1483 2659 1541 2737 3,
1584 2661 1930 2736 recurvatis,
1966 2660 2298 2740 puberulis.
2341 2660 2500 2720 ΒΜ)ό

371 2782 497 2823 cae
544 2763 830 2842 pulposae
878 2771 1086 2823 ovatae
1103 2809 1121 2839 ‚
1178 2764 1464 2823 lateribus
1515 2782 1883 2844 compressae
1901 2809 1918 2838 ‚
1959 2763 2316 2824 immaturae
2347 2762 2498 2842 stylo

370 2874 688 2942 rostratae,
726 2873 997 2926 maturae
1031 2865 1202 2944 apice
1236 2866 1624 2927 cicatrisatae.
1720 2865 1973 2926 Semen
2003 2874 2248 2926 ovatum
2282 2865 2496 2927 subtria

370 2969 662 3049 angulare
679 3011 837 3029 .....
920 2968 1186 3030 Fratiees
1224 2968 1387 3028 Novi
1417 2971 1590 3030 Orbis
1625 2970 2029 3030 meridionalis
2046 3015 2064 3045 ,
2097 2967 2269 3041 foliis
2304 2971 2496 3030 01ιὶοπό

366 3074 469 3155 gis
519 3074 977 3133 membranaceis
1022 3072 1694 3154 glandulosopunetalis
1710 3119 1728 3149 ‚
1763 3073 1993 3154 glabris
2033 3074 2128 3132 vel
2160 3084 2348 3133 tenere
2375 3095 2497 3154 pu-

364 3176 615 3253 berulis,
695 3177 933 3236 castatis
1005 3177 1098 3236 vel
1146 3177 1682 3236 costato-venulosis
1699 3221 1718 3252 ,
1776 3177 2015 3256 stipulis
2061 3179 2488 3257 oppositifoliis

366 3278 708 3341 lanceolatis
770 3279 863 3338 vel
930 3279 1252 3338 linearibus
1269 3324 1287 3355 ,
1366 3281 1614 3339 amentis
1669 3280 2086 3360 pedunculatis
2141 3280 2488 3358 cylindricie

365 3381 635 3442 brevibus
673 3383 894 3440 obtusis
930 3382 1220 3442 echinatis
1239 3427 1259 3457 ,
1297 3383 1545 3442 bracteis
1579 3382 1806 3463 glabris
1842 3383 1935 3442 vel
1966 3383 2212 3442 ciliatis.

439 3506 786 3562 Adnotatio.
833 3510 998 3560 Genus
1025 3516 1209 3560 natura
1239 3526 1339 3560 non
1368 3502 1689 3579 improbante
1721 3503 2087 3570 constitutum,
2123 3498 2497 3560 Callianirae

363 3604 418 3649 et
448 3594 684 3667 inprimis
711 3593 1272 3668 Sphaerostachydc
1294 3603 1591 3665 cognatum,
1619 3591 1703 3646 sed
1732 3590 1918 3645 habitu
1946 3610 2044 3645 non
2063 3591 2229 3646 solum
2258 3592 2495 3665 peculiari

362 3685 417 3736 et
461 3681 710 3736 constanti
751 3674 987 3737 foliorum
1034 3684 1154 3757 typo
1199 3675 1591 3754 dignoscendum
1609 3721 1626 3748 .‚
1658 3698 1835 3733 verum
1874 3677 2194 3733 bractearum
2225 3681 2279 3733 et
2312 3678 2496 3754 pistilli

363 3770 729 3827 characteribus
762 3790 792 3825 a
818 3770 1039 3826 laudatis
1068 3769 1333 3845 generibus
1360 3767 1511 3843 probe
1539 3769 1695 3823 etiam
1727 3762 2049 3822 distinctum.

455 3945 512 4006 1.
611 3949 1074 4020 Pelium-yon
1125 3941 1513 4006 callosum.
1612 3940 1800 4024 Piper
1850 3944 2019 4004 Ruiz
2069 3957 2125 4005 et
2169 3942 2345 4006 Pau!
2399 3949 2489 4007 ΕΙ.

373 4049 590 4108 Peme.
636 4050 792 4108 Tom.
829 4049 888 4110 I.
914 4069 976 4129 p.
1010 4047 1109 4109 34.
1194 4048 1513 4108 Sebilleria
1545 4046 1777 4106 Kantb!
1813 4048 1881 4105 in
1915 4047 2094 4107 Lirm.
2135 4045 2170 4107 1.
2192 4072 2240 4109 c.
2263 4070 2330 4129 p.
2352 4049 2492 4111 689.

371 4149 643 4211 Ramnlis
677 4151 917 4231 petiolis
949 4150 1228 4229 foliisque
1262 4150 1549 4228 utrinque
1582 4149 1803 4227 glabris
1821 4195 1839 4225 ‚
1881 4149 1976 4210 his
2009 4148 2492 4230 rigidum-mem·-

369 4252 710 4330 branaceis,
745 4254 1091 4334 junioribus
1124 4254 1333 4315 subtus
1363 4251 1752 4313 subtilissime
1788 4253 2465 4334 glanduloso-punctatis
2481 4294 2499 4331 ,

378 4357 625 4438 oblique
659 4356 1268 4434 subrotundo·ovatis‚
1303 4357 1608 4436 obliquius
1635 4355 2167 4495 acuminatis,ibasi
2196 4354 2502 4439 inaequali

1894 4460 1895 4463 ’
2048 4460 2068 4496 4
