3153 5134
1404 397 1488 459 33

360 605 606 694 (Dior.
645 604 880 669 Imtit.
913 625 1053 692 reg.
1085 600 1352 669 Nederl.
1391 627 1453 669 a.
1498 590 1718 689 1842.)
1814 601 2033 669 Paullo
2067 616 2212 692 post
2250 601 2333 668 ad
2363 626 2498 694 spe-

370 723 497 790 cies
532 720 914 790 americanas
945 722 1388 802 frutescentes,
1436 745 1669 811 magna
1707 721 2343 813 speciminum'copia
2389 724 2500 789 ad-

361 844 578 932 jutuS‚
624 844 750 911 Gel.
796 868 1010 911 xuwru
1028 894 1044 924 ,
1097 843 1202 911 cui
1257 866 1435 910 meae
1487 841 1947 911 observationes
1999 855 2157 909 tunc
2210 844 2501 910 nondum

370 963 814 1045 innotuerant,
858 964 1144 1032 animum
1193 962 1466 1031 advertit
1497 978 1566 1031 et
1606 987 1734 1053 qua
1782 963 1941 1031 solet
1987 961 2314 1052 diligentia
2351 963 2501 1030 des-

369 1081 591 1172 cripsit
638 1096 703 1151 et
745 1081 927 1174 plura
974 1107 1204 1176 genera
1253 1083 1563 1152 condidit.
1659 1085 1993 1176 (Linnaea
2054 1084 2232 1151 Tom.
2290 1085 2497 1153 XIII.

273 1189 276 1192 ⁴
362 1227 434 1290 p.
503 1205 682 1296 577).
800 1207 1053 1284 Laetor,
1121 1204 1351 1272 harum
1404 1202 1915 1294 disquisitionum
1936 1255 1952 1284 ,
2018 1226 2135 1294 per
2184 1203 2494 1272 diversam

364 1322 714 1412 specierum
780 1324 1034 1415 copiam
1098 1323 1526 1392 institutarum
1587 1324 1854 1392 similem
1915 1338 1981 1390 et
2029 1324 2163 1392 fere
2213 1324 2496 1392 eundem

361 1456 666 1511 eventum
698 1444 919 1524 fuisse,
967 1443 1128 1512 adeo
1170 1458 1243 1510 ut
1279 1444 1868 1534 Pothomorphe
1920 1466 2063 1510 mea
2113 1443 2496 1511 Heckeria

362 1586 634 1629 xum-1111
677 1561 757 1629 sit
807 1575 875 1628 et
925 1562 1317 1628 Artanthe
1354 1561 1853 1628 Schilleriam
1890 1575 1955 1627 et
1988 1562 2494 1629 Steffensiam

354 1681 500 1771 ejus
554 1680 880 1761 includat,
944 1703 1096 1747 nam
1158 1679 1687 1761 Schilleriam,
1748 1702 1948 1769 quam
2003 1680 2242 1769 proprii
2303 1703 2495 1770 gene-

356 1799 443 1866 ris
475 1798 743 1866 titulum
777 1800 1004 1867 mereri
1039 1799 1191 1867 olim
1238 1800 1583 1890 opinabar,
1630 1823 1804 1866 nunc
1857 1799 2159 1868 omnibus
2180 1851 2196 1881 ,
2243 1799 2291 1866 si
2326 1823 2492 1889 pau-

355 1917 635 1985 cissimas
689 1918 920 2001 demis,
984 1919 1309 2009 speciebus
1360 1920 1497 2009 ejus
1549 1919 1795 2009 generis
1846 1919 2140 2009 inspectis
2158 1971 2175 2000 ,
2240 1920 2322 1986 ab
2370 1921 2496 1985 Ar-

365 2051 438 2105 ta
454 2039 639 2105 nthe
671 2037 923 2130 sejungi
958 2061 1089 2107 non
1122 2062 1301 2129 posse
1335 2062 1701 2128 persuasum
1738 2039 1966 2108 habeo,
2062 2038 2174 2131 (N.
2211 2040 2393 2112 Anu.
2429 2040 2493 2106 d.

369 2155 470 2224 Sc.
501 2172 641 2226 nat.
675 2159 831 2228 XV.
857 2184 931 2247 p.
972 2164 1102 2227 285
1134 2157 1292 2248 seq.)

450 2280 538 2345 Ex
586 2301 662 2347 eo
707 2292 996 2370 tempore
1044 2279 1494 2369 investigandis
1545 2280 1893 2370 Piperaceis
1940 2301 2199 2349 omnem
2232 2303 2492 2372 operam

362 2397 736 2488 impendens
782 2412 847 2467 et
902 2409 1202 2491 generosa
1257 2400 1634 2467 liberalitate
1683 2401 1999 2469 variorum
2048 2401 2496 2470 botanicorum

358 2517 617 2608 adjutus
664 2542 883 2589 omnes
924 2521 1054 2589 fere
1105 2520 1436 2612 hucusque
1480 2520 1823 2611 descriptas
1860 2521 2094 2612 species
2130 2522 2494 2611 multasque

361 2660 552 2707 novas
583 2639 971 2731 investigavi3
1020 2641 1088 2707 in
1132 2641 1697 2731 quadringentenis
1730 2641 1985 2709 circiter
2016 2642 2490 2732 speciminibUS,

353 2781 524 2848 quae
547 2758 810 2827 dissecui
837 2773 1044 2828 tantas
1072 2759 1461 2825 differentias
1487 2758 1697 2826 inveni
1718 2772 1795 2826 ut
1817 2774 2183 2850 comparata
2212 2761 2490 2852 partium

354 2892 671 2947 structura
705 2903 855 2948 cum
905 2879 1362 2947 distributionis
1405 2878 1863 2970 geographicae
1894 2879 2140 2970 legibus
2158 2933 2174 2961 ,
2229 2867 2489 2949 meliore

353 2998 553 3067 hodie
575 3001 725 3089 jure
756 3001 838 3067 de
865 3001 1201 3091 generibus
1223 2998 1615 3066 naturalibus
1643 2998 2039 3066 inveniendis
2067 2999 2484 3090 cogitandum

349 3133 423 3187 et
465 3118 895 3208 judicandum
942 3119 1132 3188 fuisse
1184 3142 1381 3209 quam
1431 3142 1684 3186 Lutum
1729 3133 2015 3211 tempore
2052 3143 2184 3211 quo
2226 3127 2308 3188 13
2337 3144 2487 3212 spe-

355 3238 485 3306 cies
531 3239 942 3308 innotuerant
959 3292 979 3321 ‚
1026 3263 1209 3332 spero
1257 3240 1395 3309 fore
1439 3254 1516 3308 ut
1568 3217 1904 3309 concedas}
1992 3244 2069 3307 In
2095 3255 2232 3310 tota
2269 3256 2481 3309 autem

350 3361 477 3427 hac
522 3384 724 3451 paene
775 3361 1051 3430 taediosa
1107 3360 1539 3451 disquisitione
1586 3362 1859 3429 intellexi
1880 3413 1897 3443 ‚
1943 3362 2135 3429 cuivis
2183 3364 2485 3431 botanico

348 3480 400 3547 si
470 3503 702 3569 genera
763 3481 1102 3571 cujusdam
1155 3481 1393 3549 ordinis
1453 3481 1761 3548 naturalia
1820 3481 2103 3549 invenire
2151 3482 2297 3549 velit
2316 3533 2333 3563 ,
2402 3484 2485 3549 ad

349 3599 627 3668 universi
686 3600 943 3668 ordinis·
989 3614 1222 3692 typum
1281 3617 1348 3670 et
1399 3602 1711 3694 imprimis
1776 3601 1861 3669 ad
1920 3602 2188 3684 limites,
2252 3603 2487 3693 quibus

343 3722 706 3790 formarum
752 3721 821 3787 in
872 3721 1094 3790 ordine
1122 3723 1595 3813 complexamm
1633 3722 1892 3789 varietas
1926 3736 1990 3788 et
2019 3723 2269 3791 numeri
2304 3748 2479 3792 com-

343 3841 842 3932 prehenduntur
861 3894 877 3924 ,
926 3866 1054 3910 esse
1099 3843 1589 3934 respiciendum.
1682 3846 1772 3911 Eo
1813 3843 2008 3910 etiam
2040 3843 2285 3910 factum
2321 3867 2449 3912 esse
2467 3896 2483 3926 ,

346 3986 457 4031 me
508 3987 683 4031 nunc
736 3976 875 4033 toto
921 3964 1144 4033 ordine
1190 3965 1571 4055 perlustrato
1586 4016 1603 4045 ,
1665 3987 1831 4054 quae
1871 3977 2059 4031 antea
2097 3978 2436 4032 statueram
2462 4017 2478 4044 ,

343 4084 626 4152 subinde
658 4085 976 4176 corrigere
1011 4099 1077 4152 et
1107 4098 1360 4152 mutare
1386 4085 1674 4152 debuisse
1707 4084 1892 4152 fateri
1927 4107 2061 4153 non
2093 4086 2414 4153 erubesco.

442 4209 586 4289 Quo
618 4205 960 4296 simplicior
986 4220 1081 4274 est
1114 4204 1352 4274 ordinis
1381 4206 1718 4295 cujusdam
1747 4220 1942 4300 typus
1975 4205 2367 4284 universalis,
2399 4228 2475 4272 eo

276 4349 281 4352 Α
345 4325 554 4415 magis
601 4327 686 4396 ad
725 4326 1118 4398 differentias
1165 4339 1232 4396 et
1278 4325 1724 4416 congruentias
1773 4325 2124 4394 formarum
2161 4326 2283 4395 boc
2322 4340 2478 4418 typo

2116 4459 2138 4492 3
