3153 5134
1638 362 1724 436 36

727 588 785 648 1.
832 582 1402 646 Gnetacearum
1452 579 1804 644 Gnatum
1839 575 1991 645 olim
2025 576 2375 669 Piperaceis
2407 580 2605 649 affine
2638 606 2765 674 pu-

632 715 843 768 tatum
895 699 1269 791 genitalium
1320 712 1642 766 structura
1690 697 2174 765 diversissimum
2196 750 2213 779 ,
2260 701 2513 768 nonnisi
2546 703 2762 771 ovario

633 820 1001 889 uniovulato
1020 870 1037 899 ,
1086 819 1273 887 ovulo
1321 833 1536 887 erecto
1589 830 1656 885 et
1705 817 2059 910 embryone
2105 819 2431 910 antitropo
2464 820 2534 886 in
2574 823 2761 890 albu-

629 939 819 1007 minis
866 939 1045 1030 apice
1090 938 1401 1007 collocato
1452 960 1820 1029 congruens
1839 989 1856 1017 ‚
1919 949 2128 1029 porro'
2161 938 2354 1006 caule.
2394 939 2640 1009 nodoso
2687 955 2760 1009 et

635 1059 799 1127 soliis
839 1058 1263 1150 penninerviis
1288 1057 1703 1149 quarundam
1725 1056 2127 1148 Piperearum
2148 1058 2446 1126 habitum
2471 1059 2758 1150 fingens,

637 1178 876 1246 fallacis
907 1178 1122 1269 potius
1154 1176 1586 1246 similitudinis
1617 1176 1976 1267 exemplum
2008 1175 2271 1267 praebet
2288 1227 2306 1259 ,
2352 1201 2551 1268 quam
2581 1200 2768 1248 verae

633 1297 1128 1367 necessitudinis.

734 1424 798 1487 2.
845 1418 1049 1485 Minus
1072 1432 1318 1486 remota
1342 1418 1908 1486 Juliflorarum
1934 1419 2036 1484 En
2051 1418 2151 1486 dl.
2186 1419 2447 1488 classis
2479 1420 2762 1502 videtur,

639 1561 806 1629 quae
838 1538 1208 1630 embryonis
1237 1538 1362 1605 situ
1400 1538 1701 1629 (exceptis
1732 1538 2044 1606 Plataneis
2072 1552 2140 1606 et
2173 1532 2540 1629 Salicineis)‚
2574 1541 2767 1609 inflo-

637 1658 981 1728 rescentiae
1024 1672 1092 1725 et
1141 1657 1488 1747 aliquando
1521 1657 1781 1724 habitus
1812 1659 2098 1748 quadam
2128 1658 2546 1728 similitudine
2578 1660 2770 1751 Pipe-

639 1803 850 1849 raceas
898 1778 1261 1847 aemulatur
1278 1829 1297 1858 ,
1346 1778 1457 1846 sed
1507 1778 1915 1846 diversissima
1952 1794 2166 1848 tamen
2204 1793 2272 1848 et
2305 1781 2770 1849 distinctissime·

637 1903 882 1991 maJore
927 1899 1222 1968 omnium
1269 1898 1551 1988 partium
1601 1899 1999 1991 perfectione
2019 1951 2037 1980 ,
2101 1899 2296 1966 caulis
2315 1951 2332 1980 ‚
2383 1899 2762 1990 genitalium

639 2034 961 2089 structura
976 2070 993 2099 ,
1029 2018 1370 2086 albuminis
1412 2018 1743 2109 frequenti
1774 2019 2035 2087 defectu
2067 2020 2386 2086 censenda
2419 2033 2515 2086 est
2531 2070 2548 2099 ‚
2585 2019 2765 2108 quod

641 2140 929 2233 inprimis
960 2151 1217 2206 constat
1241 2138 1291 2206 si
1320 2162 1472 2205 cum
1501 2139 1764 2231 singulis
1789 2140 1984 2229 hujus
2007 2140 2209 2206 classis
2232 2140 2563 2207 ordinibus
2586 2162 2769 2207 com-

639 2261 1038 2354 parationem
1070 2259 1314 2329 feceris.
1407 2258 1512 2326 Sic
1554 2259 1945 2351 Myriceae
1978 2259 2191 2327 Rich.
2227 2282 2374 2326 cum
2410 2273 2630 2328 nostro
2665 2282 2770 2328 or-

650 2382 805 2450 dine
828 2394 1232 2470 congruunt:
1259 2379 1425 2448 soliis
1449 2374 1869 2470 simplicibus,
1900 2402 2048 2447 sexu
2073 2380 2322 2462 diclini,
2353 2380 2769 2448 antherarum

642 2503 849 2573 forma
873 2555 890 2586 ‚
928 2500 1138 2572 ovatio
1170 2500 1547 2571 uniloculari
1564 2551 1583 2583 ‚
1630 2500 1818 2569 ovulo
1856 2514 2071 2569 erecto
2088 2552 2106 2584 ‚
2156 2501 2537 2593 orthotropo
2554 2551 2573 2585 ,
2621 2524 2766 2571 em-

650 2626 903 2717 bryone
950 2624 1314 2715 antitrop03
1364 2636 1682 2704 aromate3
1732 2620 2054 2690 differunt
2102 2622 2269 2692 foliis
2313 2645 2496 2714 saepe
2527 2622 2780 2691 serratis

654 2766 774 2813 nec
804 2767 938 2813 non
972 2743 1231 2824 Iobatis,
1267 2741 1542 2810 bracteis
1572 2764 1693 2833 pro
1723 2742 1976 2833 singulo
2003 2742 2165 2811 flore
2193 2747 2370 2811 3—6
2403 2756 2470 2810 et
2501 2742 2780 2811 albumi-

654 2864 754 2931 nis
799 2863 1082 2931 defectu.
1145 2902 1237 2917 —
1296 2862 1777 2930 Betulaceae
1829 2862 2071 2930 Bartl.
2124 2862 2405 2954 stipulis,
2466 2886 2614 2931 sexu
2667 2863 2779 2930 df-

658 2983 843 3064 clini,
871 2982 1058 3051 ovulo
1092 2996 1160 3050 et
1185 2982 1540 3074 embryone
1571 2980 2000 3061 conveniunt,
2024 2981 2139 3049 sed
2165 2982 2429 3050 floribus
2462 2983 2783 3051 monoecis

660 3105 732 3171 in
791 3102 990 3170 axillis
1052 3103 1348 3170 bracteae
1414 3102 1585 3169 binis
1642 3114 1711 3168 et
1759 3100 1955 3168 ternis
1972 3150 1990 3181 ‚
2052 3100 2384 3192 perigonio
2431 3102 2785 3191 aliquando

656 3222 1151 3314 squamaeformi
1165 3272 1184 3305 ‚
1225 3221 1435 3291 ovario
1467 3219 1802 3289 biloculari
1836 3233 1904 3306 et
1935 3218 2264 3286 albumine
2297 3219 2641 3288 deficiente
2674 3244 2784 3290 re-

661 3342 902 3413 motius
929 3343 1143 3411 adhuc
1170 3365 1366 3433 quam
1393 3340 1703 3435 Myriceae
1743 3338 2006 3408 distant.
2097 3340 2202 3406 Cu
2218 3338 2612 3429 puliferae
2645 3363 2781 3411 non

658 3462 777 3531 nisi
823 3461 1070 3554 stipulis
1098 3462 1511 3554 petiolaribus
1543 3460 1832 3541 caducis,
1877 3447 2160 3526 antheris
2189 3472 2258 3526 et
2289 3459 2645 3550 embryone
2679 3482 2784 3533 or-

668 3584 976 3674 thotropo
1017 3606 1168 3651 cum
1203 3582 1549 3674 Piperaceis
1578 3578 1933 3671 comparari
1966 3593 2231 3670 possunt
2251 3630 2268 3659 ‚
2316 3578 2477 3648 dum
2512 3581 2788 3673 reliqua-

666 3726 815 3774 rum
881 3703 1165 3794 partium
1232 3701 1472 3771 fabrica
1541 3699 1917 3770 evolutionis
1979 3699 2272 3769 altiorem
2321 3703 2600 3794 gradum
2645 3704 2790 3773 satis

663 3845 980 3915 superque
1044 3824 1300 3915 probet.
1424 3822 1611 3888 Idem
1667 3821 1754 3887 de
1809 3818 2084 3888 Moreis
2145 3834 2213 3888 et
2276 3822 2789 3914 Artocarpeis

662 3943 882 4012 Endl.
929 3944 1328 4011 censendum
1359 3954 1475 4010 est.
1521 3977 1616 3995 —-
1659 3940 2066 4023 Urticeae‚
2101 3965 2138 4009 a
2171 3941 2406 4032 quibus
2432 3942 2524 4010 Cl.
2560 3965 2788 4012 aanor·

663 4087 876 4132 cmmn
923 4063 1283 4153 Piperaceas
1316 4061 1494 4129 haud
1530 4061 1845 4152 sejungit,
1879 4061 2070 4130 unice
2099 4061 2346 4152 stipulis
2377 4060 2789 4150 petiolaribus
2842 4116 2848 4121 .

660 4199 730 4254 et
769 4183 1123 4275 embryone
1170 4180 1499 4273 antitropo
1547 4205 1701 4250 cum
1749 4182 1849 4250 his
1891 4195 2319 4275 congruentes
2366 4180 2787 4251 inveniuntur

663 4303 750 4372 ita
782 4318 860 4371 ut
888 4302 975 4373 ad
1002 4325 1317 4374 summam
1351 4302 1789 4373 differentiam
1816 4301 2253 4395 probandam,
2278 4299 2523 4391 reliqua
2547 4323 2786 4395 organa
