3153 5134
1627 328 1755 391 490

694 527 980 589 Habitat
1015 526 1080 586 in
1116 527 1195 587 St.
1231 523 1521 604 Domingo
1555 534 1619 585 et
1652 527 1944 607 Cayenna.

679 667 815 723 Num
849 667 914 722 ad
943 665 1319 741 praecedentem
1346 662 1602 717 reserenda
1621 666 1646 718 ἶ)

690 843 826 904 130.
916 843 1291 901 Artanthe
1352 842 1853 899 cassinoffles.
1959 841 2147 920 Piper
2211 842 2364 922 Opiz
2425 844 2494 902 in
2544 846 2744 927 Reliq.

611 947 841 1007 Haenk.
870 947 1027 1023 fasc.
1058 944 1258 1023 IIIp.
1295 940 1429 1001 120.
1479 941 1652 1021 (quid
1686 963 1817 1020 syn.
1858 941 2180 1022 homonym.
2219 945 2336 1026 adj.
2379 947 2634 1009 »Humla
2673 952 2742 1009 in

613 1050 816 1110 Wiltd.
849 1044 1162 1127 Herb.??)’'
1232 1046 1432 1104 Ramis
1469 1045 1758 1104 teretibus
1792 1045 2049 1123 glabris,
2089 1049 2326 1125 petiolis
2360 1051 2732 1128 stipulaceis:

598 1153 833 1232 stipulis
870 1150 1199 1225 latissimis,
1242 1148 1503 1224 obtusis,
1545 1147 1704 1207 soliis
1739 1150 2306 1228 rotundato—ovatis,
2348 1155 2733 1231 acuminatis,

600 1252 1141 1327 muoso-nervosis,
1198 1272 1374 1330 supra
1426 1251 1822 1328 margineque
1865 1252 2123 1329 glabri8‚
2181 1255 2390 1314 subtus
2445 1257 2510 1315 in
2565 1259 2734 1318 venis

601 1357 919 1436 nervisque
954 1354 1210 1430 villosis,
1251 1354 1503 1413 amentis
1539 1352 1762 1412 obtusis
1782 1399 1797 1427 ,
1839 1353 1984 1413 folio
2027 1355 2216 1434 duplo
2247 1357 2644 1423 brevioribus.

678 1459 976 1520 Habitat
1007 1458 1073 1519 in
1108 1458 1403 1517 montanis
1437 1457 1957 1517 Huanoccensibus
1987 1456 2260 1540 (Haenke
2292 1460 2333 1521 l.
2364 1468 2455 1541 c.)

657 1746 861 1801 Sectio
896 1749 979 1800 VI.
1069 1748 1427 1799 flnmromos.
1518 1743 1652 1798 Folia
1693 1742 1906 1818 oblonga
1952 1744 2031 1798 vel
2078 1744 2388 1815 lanceolata,
2444 1748 2550 1803 basi
2597 1747 2740 1803 valde

586 1835 870 1909 inaequalia
913 1837 1038 1905 (uno
1086 1833 1254 1887 baseos
1285 1833 1442 1886 latere
1472 1834 1680 1901 resecto)
1712 1832 2126 1903 patulo-costam,
2163 1844 2295 1889 costa
2326 1855 2561 1910 suprema
2590 1837 2733 1893 band

587 1924 655 1978 ad
686 1925 879 2007 apicem
910 1921 1083 1975 ducta.
1154 1923 1386 1973 Bracteae
1413 1917 1633 1991 peltatae
1661 1917 1862 1972 ciliatae
1892 1919 1971 1972 vel
1999 1919 2218 1976 villosae.

676 2098 811 2159 131.
893 2097 1268 2154 Artanthc
1311 2097 1791 2155 swartziana.
1889 2095 2076 2174 Piper
2110 2097 2394 2175 diffusum
2429 2098 2728 2156 Poiteaul

592 2205 661 2262 in
712 2199 887 2260 Herb.
945 2196 1039 2256 De
1099 2198 1257 2256 Less.
1364 2194 1565 2254 Ramis
1619 2197 1979 2271 verrucosis‚
2042 2198 2287 2255 ramulis
2341 2198 2720 2257 nascentibus

589 2303 831 2386 petiolis
897 2300 1178 2378 foliisque
1245 2298 1453 2357 subtus
1507 2299 2188 2377 pubescenti-birtellis,
2264 2300 2359 2358 bis
2434 2300 2723 2359 coriaceis

591 2405 1030 2489 epunctulatis‚
1086 2422 1265 2480 supra
1316 2403 1694 2461 nascentibus
1745 2403 1820 2462 ad
1866 2402 2033 2462 basin
2091 2411 2150 2462 et
2200 2404 2264 2462 in
2297 2424 2481 2463 nervo
2517 2402 2719 2464 medio

588 2510 905 2593 puberulis
937 2509 1058 2569 cito
1084 2507 1461 2586 glaberrimis
1490 2506 1762 2565 laevibus
1797 2507 2095 2583 obscuris,
2144 2504 2490 2567 lanceolatis
2527 2506 2720 2567 acutis

588 2619 685 2679 vel
755 2612 1517 2685 submucrouato·acutatiS,
1592 2611 1719 2669 basi
1779 2612 1988 2671 obtusa
2039 2612 2213 2671 valde
2267 2611 2716 2691 inaequalibus,

586 2717 959 2798 marginibus
1009 2708 1330 2787 revolutis,
1389 2713 1680 2792 patentim
1719 2713 2170 2788 multicostatis,
2214 2716 2464 2774 amentis
2500 2717 2718 2793 patulis

586 2823 730 2883 dein
781 2817 1190 2881 erectiusculis
1229 2814 1618 2874 subflexuosis
1651 2814 1998 2893 cylindricis
2030 2816 2396 2874 mucronatis
2428 2815 2576 2876 folio
2608 2839 2719 2897 pa·-

583 2946 724 2989 rum
789 2920 1197 2995 brevioribus,
1275 2917 1638 2996 pedunculis
1707 2916 2004 2975 levissime
2055 2918 2370 2995 puberulis
2422 2920 2714 2997 petiolum

583 3031 713 3092 fere
748 3027 936 3107 duplo
961 3022 1414 3103 superantibus,
1438 3019 1690 3079 bracteis
1713 3020 1950 3097 peltatis
1979 3019 2196 3079 ciliatis
2225 3022 2715 3101 subtriangulari-

582 3129 944 3202 rotundatis,
990 3126 1256 3203 margine
1284 3124 1590 3203 superiore
1625 3122 1861 3181 inflexis
1872 3168 1889 3197 ‚
1919 3122 2116 3182 baccis
2151 3125 2708 3201 obovatwclavatis,

582 3231 883 3313 angulosis
899 3277 917 3307 ‚
959 3229 1185 3289 vertice
1214 3227 1633 3305 semiglobosiS.

662 3336 965 3396 Habitat
1000 3333 1067 3391 in
1099 3332 1294 3391 insula
1326 3332 1407 3391 St.
1445 3330 1739 3406 Domingo
1765 3326 2065 3406 (Poiteam
2111 3329 2173 3386 in
2209 3328 2386 3390 Herb.
2423 3313 2711 3413 De⁸Less.)

650 3480 841 3531 Frutex
868 3472 1154 3528 dicbotome
1181 3488 1422 3525 ramosus.
1494 3472 1580 3522 Ra
1593 3467 1676 3521 mi
1721 3464 2021 3520 subflexuosi
2040 3506 2057 3534 ‚
2094 3466 2238 3521 valde
2268 3467 2470 3537 nodosi,
2508 3471 2715 3539 cinerei,

576 3562 794 3621 obsolete
837 3561 1001 3615 striati
1017 3603 1033 3630 ‚
1090 3556 1292 3632 glabri,
1348 3557 1566 3610 verrucis
1609 3555 1817 3610 elevatis
1848 3554 2236 3609 tumescentibus
2265 3558 2551 3628 conspersi,
2585 3568 2712 3613 tere·

576 3648 819 3715 tiusculi,
856 3646 1149 3702 internodiis
1179 3651 1321 3700 1-3
1350 3654 1480 3700 cent.
1512 3643 1707 3716 longi33
1743 3642 1885 3697 nodis
1914 3642 2501 3714 tuberculatoetumidis3
2535 3667 2711 3702 ramu-

575 3740 643 3796 lis
694 3735 1086 3812 pubescentibus
1132 3734 1234 3789 cito
1287 3732 1551 3807 glabratiS.
1637 3730 1817 3785 Folia
1865 3730 2263 3802 rigido-coriacea
2278 3768 2295 3797 ,
2348 3733 2679 3804 epunctulata
2695 3775 2714 3803 ‚

573 3825 932 3899 erecto-patula
948 3863 965 3891 ‚
1017 3821 1196 3876 adulta
1240 3838 1390 3893 supra
1435 3818 1643 3873 obscura
1659 3856 1676 3885 ‚
1731 3835 1879 3872 nervo
1908 3817 2076 3871 medio
2103 3817 2296 3871 sulcata
2312 3857 2328 3885 ‚
2362 3820 2613 3874 nascentia
2646 3823 2709 3876 ad

572 3916 716 3973 basin
763 3923 817 3967 et
861 3913 918 3966 in
962 3928 1116 3965 nervo
1161 3907 1330 3961 medio
1357 3906 1634 3981 puberula‚
1668 3904 1783 3959 dein
1811 3906 2014 3959 omnino
2041 3905 2344 3978 glaberrima
2359 3945 2376 3973 ‚
2412 3908 2592 3963 subtus
2624 3910 2709 3966 vix

572 4003 829 4068 nitidula,
859 3997 1093 4073 inprimis
1118 3996 1175 4049 in
1204 4013 1355 4049 nervo
1383 3993 1630 4067 costisque
1661 3975 2208 4067 hincne-pubescentia
2225 4035 2240 4062 ,
2269 3995 2520 4067 petiolis
2549 3997 2710 4071 pube.

572 4092 701 4150 rulis
744 4096 778 4145 5
817 4106 948 4142 mm.
981 4083 1181 4140 circiter
1208 4082 1373 4158 longis
1402 4101 1430 4136 e
1460 4080 1718 4155 stipulis
1748 4081 2025 4137 linearibus
2055 4083 2198 4139 dorso
2229 4084 2427 4138 adnatis
2454 4087 2711 4143 membra-

570 4178 733 4237 naceis
777 4177 880 4233 cito
924 4167 1330 4230 delitescentibus
1361 4187 1519 4245 usque
1546 4169 1611 4223 ad
1642 4168 1784 4224 basin
1817 4169 1988 4225 lateris
2017 4172 2227 4226 minoris
2262 4172 2481 4228 laminae
2509 4176 2707 4250 (itaque

565 4272 721 4345 juxta
758 4283 975 4320 nervum
1021 4260 1249 4317 modium
1291 4258 1490 4313 nudum
1521 4258 1850 4329 continuatis)
1886 4258 2097 4314 crassius
2124 4261 2630 4333 rugoso-cicatrisatis
2654 4273 2710 4322 et

576 4354 921 4414 subexcavatis
936 4391 954 4422 ,
1006 4359 1231 4407 sustenta
1245 4389 1262 4417 2
1317 4347 1588 4405 lanceolata
1606 4390 1627 4421 ,
1680 4346 1911 4404 subrecta
1925 4385 1943 4419 ,
1981 4348 2346 4425 inaequilatera
2361 4390 2380 4420 ,
2413 4352 2556 4425 apice
2581 4361 2710 4408 atte-
