<?xml version="1.0" encoding="UTF-8"?>
<!DOCTYPE html PUBLIC "-//W3C//DTD XHTML 1.0 Transitional//EN"
    "http://www.w3.org/TR/xhtml1/DTD/xhtml1-transitional.dtd">
<html xmlns="http://www.w3.org/1999/xhtml" xml:lang="en" lang="en">
 <head>
  <title>
</title>
<meta http-equiv="Content-Type" content="text/html;charset=utf-8" />
  <meta name='ocr-system' content='tesseract 3.04.00' />
  <meta name='ocr-capabilities' content='ocr_page ocr_carea ocr_par ocr_line ocrx_word'/>
</head>
<body>
  <div class='ocr_page' id='page_1' title='image "./systemapiperace00migugoog_0045.png"; bbox 0 0 3153 5134; ppageno 0'>
   <div class='ocr_carea' id='block_1_1' title="bbox 1422 369 1502 431">
    <p class='ocr_par' dir='ltr' id='par_1_1' title="bbox 1422 369 1502 431">
     <span class='ocr_line' id='line_1_1' title="bbox 1422 369 1502 431; baseline 0.013 -1"><span class='ocrx_word' id='word_1_1' title='bbox 1422 369 1502 431; x_wconf 85' lang='lat'><strong>31</strong></span> 
     </span>
    </p>
   </div>
   <div class='ocr_carea' id='block_1_2' title="bbox 398 570 2549 2231">
    <p class='ocr_par' dir='ltr' id='par_1_2' title="bbox 398 570 2549 2231">
     <span class='ocr_line' id='line_1_2' title="bbox 401 570 2533 670; baseline 0.002 -27"><span class='ocrx_word' id='word_1_2' title='bbox 401 572 620 666; x_wconf 79' lang='lat' dir='ltr'><strong>Majori</strong></span> <span class='ocrx_word' id='word_1_3' title='bbox 667 571 852 665; x_wconf 82' lang='lat' dir='ltr'><strong>copia</strong></span> <span class='ocrx_word' id='word_1_4' title='bbox 898 572 1010 653; x_wconf 78' lang='lat' dir='ltr'><strong>has</strong></span> <span class='ocrx_word' id='word_1_5' title='bbox 1056 570 1397 664; x_wconf 75' lang='lat' dir='ltr'><strong>glandulas</strong></span> <span class='ocrx_word' id='word_1_6' title='bbox 1436 570 1506 640; x_wconf 92' lang='lat' dir='ltr'><strong>in</strong></span> <span class='ocrx_word' id='word_1_7' title='bbox 1551 573 1824 664; x_wconf 87' lang='lat' dir='ltr'><strong>Pipereis</strong></span> <span class='ocrx_word' id='word_1_8' title='bbox 1866 573 2014 653; x_wconf 85' lang='lat' dir='ltr'><strong>novi</strong></span> <span class='ocrx_word' id='word_1_9' title='bbox 2060 575 2233 647; x_wconf 86' lang='lat' dir='ltr'><strong>orbis</strong></span> <span class='ocrx_word' id='word_1_10' title='bbox 2250 628 2269 659; x_wconf 90' lang='lat'>‚</span> <span class='ocrx_word' id='word_1_11' title='bbox 2313 577 2533 670; x_wconf 82' lang='lat' dir='ltr'><strong>paullo</strong></span> 
     </span>
     <span class='ocr_line' id='line_1_3' title="bbox 398 694 2532 791; baseline 0.003 -25"><span class='ocrx_word' id='word_1_12' title='bbox 398 696 646 773; x_wconf 83' lang='lat' dir='ltr'><strong>minore</strong></span> <span class='ocrx_word' id='word_1_13' title='bbox 676 696 751 765; x_wconf 85' lang='lat' dir='ltr'><strong>in</strong></span> <span class='ocrx_word' id='word_1_14' title='bbox 777 694 1214 787; x_wconf 73' lang='lat' dir='ltr'><strong>gerontogaeis</strong></span> <span class='ocrx_word' id='word_1_15' title='bbox 1242 695 1478 787; x_wconf 87' lang='lat' dir='ltr'><strong>reperi,</strong></span> <span class='ocrx_word' id='word_1_16' title='bbox 1517 694 1781 765; x_wconf 85' lang='lat' dir='ltr'><strong>rariores</strong></span> <span class='ocrx_word' id='word_1_17' title='bbox 1812 709 1878 764; x_wconf 85' lang='lat' dir='ltr'><strong>et</strong></span> <span class='ocrx_word' id='word_1_18' title='bbox 1912 697 2157 769; x_wconf 86' lang='lat' dir='ltr'><strong>minore</strong></span> <span class='ocrx_word' id='word_1_19' title='bbox 2189 699 2373 791; x_wconf 84' lang='lat' dir='ltr'><strong>copia</strong></span> <span class='ocrx_word' id='word_1_20' title='bbox 2409 698 2532 773; x_wconf 84' lang='lat' dir='ltr'><strong>olei</strong></span> 
     </span>
     <span class='ocr_line' id='line_1_4' title="bbox 399 796 2535 908; baseline 0.003 -26"><span class='ocrx_word' id='word_1_21' title='bbox 399 816 676 892; x_wconf 79' lang='lat' dir='ltr'><strong>aetherei</strong></span> <span class='ocrx_word' id='word_1_22' title='bbox 708 796 938 908; x_wconf 79' lang='lat' dir='ltr'><strong>plenae</strong></span> <span class='ocrx_word' id='word_1_23' title='bbox 971 816 1040 891; x_wconf 83' lang='lat' dir='ltr'><strong>in</strong></span> <span class='ocrx_word' id='word_1_24' title='bbox 1075 813 1490 906; x_wconf 85' lang='lat' dir='ltr'><strong>Peperomieis</strong></span> <span class='ocrx_word' id='word_1_25' title='bbox 1523 815 1951 889; x_wconf 83' lang='lat' dir='ltr'><strong>inveniuntur.</strong></span> <span class='ocrx_word' id='word_1_26' title='bbox 2013 819 2243 887; x_wconf 90' lang='lat' dir='ltr'><strong>Oleum</strong></span> <span class='ocrx_word' id='word_1_27' title='bbox 2274 819 2402 889; x_wconf 82' lang='lat' dir='ltr'><strong>hoc</strong></span> <span class='ocrx_word' id='word_1_28' title='bbox 2430 843 2535 889; x_wconf 55' lang='lat' dir='ltr'><strong>ae*</strong></span> 
     </span>
     <span class='ocr_line' id='line_1_5' title="bbox 401 936 2537 1028; baseline 0.001 -21"><span class='ocrx_word' id='word_1_29' title='bbox 401 939 696 1013; x_wconf 82' lang='lat' dir='ltr'><strong>thereum</strong></span> <span class='ocrx_word' id='word_1_30' title='bbox 739 937 1043 1020; x_wconf 84' lang='lat' dir='ltr'><strong>chemicis</strong></span> <span class='ocrx_word' id='word_1_31' title='bbox 1074 936 1374 1005; x_wconf 88' lang='lat' dir='ltr'><strong>nondum</strong></span> <span class='ocrx_word' id='word_1_32' title='bbox 1405 938 1608 1027; x_wconf 84' lang='lat' dir='ltr'>probe</span> <span class='ocrx_word' id='word_1_33' title='bbox 1639 936 1975 1028; x_wconf 76' lang='lat' dir='ltr'><strong>cognitum</strong></span> <span class='ocrx_word' id='word_1_34' title='bbox 2004 952 2098 1009; x_wconf 85' lang='lat' dir='ltr'><strong>est</strong></span> <span class='ocrx_word' id='word_1_35' title='bbox 2116 989 2133 1021; x_wconf 92' lang='lat'>,</span> <span class='ocrx_word' id='word_1_36' title='bbox 2181 953 2248 1007; x_wconf 80' lang='lat' dir='ltr'><strong>et</strong></span> <span class='ocrx_word' id='word_1_37' title='bbox 2277 940 2470 1015; x_wconf 87' lang='lat' dir='ltr'><strong>hodie</strong></span> <span class='ocrx_word' id='word_1_38' title='bbox 2498 965 2537 1010; x_wconf 86' lang='lat' dir='ltr'><strong>e</strong></span> 
     </span>
     <span class='ocr_line' id='line_1_6' title="bbox 404 1057 2539 1151; baseline 0.001 -20"><span class='ocrx_word' id='word_1_39' title='bbox 404 1059 550 1131; x_wconf 78' lang='lat' dir='ltr'><strong>solis</strong></span> <span class='ocrx_word' id='word_1_40' title='bbox 594 1059 961 1151; x_wconf 78' lang='lat' dir='ltr'><strong>analysibus</strong></span> <span class='ocrx_word' id='word_1_41' title='bbox 1018 1057 1297 1127; x_wconf 87' lang='lat' dir='ltr'><strong>innotuit</strong></span> <span class='ocrx_word' id='word_1_42' title='bbox 1312 1109 1330 1140; x_wconf 87' lang='lat'>‚</span> <span class='ocrx_word' id='word_1_43' title='bbox 1405 1081 1562 1147; x_wconf 83' lang='lat' dir='ltr'><strong>quas</strong></span> <span class='ocrx_word' id='word_1_44' title='bbox 1628 1057 1899 1136; x_wconf 80' lang='lat' dir='ltr'><strong>chemici</strong></span> <span class='ocrx_word' id='word_1_45' title='bbox 1959 1082 2112 1127; x_wconf 89' lang='lat' dir='ltr'><strong>cum</strong></span> <span class='ocrx_word' id='word_1_46' title='bbox 2160 1060 2373 1133; x_wconf 82' lang='lat' dir='ltr'><strong>baccis</strong></span> <span class='ocrx_word' id='word_1_47' title='bbox 2437 1062 2539 1133; x_wconf 76' lang='lat' dir='ltr'><strong>Pri·-</strong></span> 
     </span>
     <span class='ocr_line' id='line_1_7' title="bbox 405 1178 2541 1281; baseline 0.003 -35"><span class='ocrx_word' id='word_1_48' title='bbox 405 1179 576 1271; x_wconf 81' lang='lat' dir='ltr'><strong>peris</strong></span> <span class='ocrx_word' id='word_1_49' title='bbox 616 1180 824 1281; x_wconf 74' lang='lat' dir='ltr'><strong>nigri,</strong></span> <span class='ocrx_word' id='word_1_50' title='bbox 885 1178 1186 1253; x_wconf 79' lang='lat' dir='ltr'><strong>chavicae</strong></span> <span class='ocrx_word' id='word_1_51' title='bbox 1249 1178 1616 1270; x_wconf 75' lang='lat' dir='ltr'><strong>specierum·</strong></span> <span class='ocrx_word' id='word_1_52' title='bbox 1660 1178 2080 1251; x_wconf 80' lang='lat' dir='ltr'><strong>officinalium</strong></span> <span class='ocrx_word' id='word_1_53' title='bbox 2129 1193 2195 1253; x_wconf 78' lang='lat' dir='ltr'><strong>et</strong></span> <span class='ocrx_word' id='word_1_54' title='bbox 2244 1181 2541 1255; x_wconf 77' lang='lat' dir='ltr'><strong>cubebae</strong></span> 
     </span>
     <span class='ocr_line' id='line_1_8' title="bbox 405 1299 2538 1392; baseline -0.002 -21"><span class='ocrx_word' id='word_1_55' title='bbox 405 1300 740 1371; x_wconf 85' lang='lat' dir='ltr'><strong>officinalis</strong></span> <span class='ocrx_word' id='word_1_56' title='bbox 763 1301 1190 1392; x_wconf 77' lang='lat' dir='ltr'><strong>perfecerunt.</strong></span> <span class='ocrx_word' id='word_1_57' title='bbox 1235 1337 1332 1357; x_wconf 90' lang='lat'><strong>--</strong></span> <span class='ocrx_word' id='word_1_58' title='bbox 1373 1302 1628 1375; x_wconf 76' lang='lat' dir='ltr'><strong>Praeter</strong></span> <span class='ocrx_word' id='word_1_59' title='bbox 1652 1299 1866 1371; x_wconf 84' lang='lat' dir='ltr'><strong>oleum</strong></span> <span class='ocrx_word' id='word_1_60' title='bbox 1897 1300 2264 1376; x_wconf 84' lang='lat' dir='ltr'><strong>aethereum</strong></span> <span class='ocrx_word' id='word_1_61' title='bbox 2293 1324 2538 1373; x_wconf 79' lang='lat' dir='ltr'><strong>aroma-</strong></span> 
     </span>
     <span class='ocr_line' id='line_1_9' title="bbox 406 1419 2538 1505; baseline 0.002 -17"><span class='ocrx_word' id='word_1_62' title='bbox 406 1422 600 1490; x_wconf 85' lang='lat' dir='ltr'><strong>matis</strong></span> <span class='ocrx_word' id='word_1_63' title='bbox 657 1434 728 1489; x_wconf 80' lang='lat' dir='ltr'><strong>et</strong></span> <span class='ocrx_word' id='word_1_64' title='bbox 777 1420 1021 1494; x_wconf 79' lang='lat' dir='ltr'><strong>virtutis</strong></span> <span class='ocrx_word' id='word_1_65' title='bbox 1066 1419 1227 1497; x_wconf 71' lang='lat' dir='ltr'><strong>aciis</strong></span> <span class='ocrx_word' id='word_1_66' title='bbox 1272 1420 1550 1495; x_wconf 84' lang='lat' dir='ltr'><strong>fervidae</strong></span> <span class='ocrx_word' id='word_1_67' title='bbox 1594 1420 1773 1489; x_wconf 86' lang='lat' dir='ltr'><strong>sedes</strong></span> <span class='ocrx_word' id='word_1_68' title='bbox 1840 1419 1910 1493; x_wconf 86' lang='lat' dir='ltr'><strong>in</strong></span> <span class='ocrx_word' id='word_1_69' title='bbox 1976 1421 2239 1493; x_wconf 84' lang='lat' dir='ltr'><strong>resina</strong></span> <span class='ocrx_word' id='word_1_70' title='bbox 2289 1422 2538 1505; x_wconf 86' lang='lat' dir='ltr'><strong>molli,</strong></span> 
     </span>
     <span class='ocr_line' id='line_1_10' title="bbox 404 1538 2541 1639; baseline 0.001 -30"><span class='ocrx_word' id='word_1_71' title='bbox 404 1565 575 1632; x_wconf 86' lang='lat' dir='ltr'><strong>quae</strong></span> <span class='ocrx_word' id='word_1_72' title='bbox 621 1563 700 1615; x_wconf 79' lang='lat' dir='ltr'><strong>ex</strong></span> <span class='ocrx_word' id='word_1_73' title='bbox 749 1539 889 1613; x_wconf 84' lang='lat' dir='ltr'><strong>oleo</strong></span> <span class='ocrx_word' id='word_1_74' title='bbox 937 1538 1194 1639; x_wconf 83' lang='lat' dir='ltr'><strong>aethero</strong></span> <span class='ocrx_word' id='word_1_75' title='bbox 1224 1538 1537 1606; x_wconf 76' lang='lat' dir='ltr'><strong>solidescit</strong></span> <span class='ocrx_word' id='word_1_76' title='bbox 1555 1589 1574 1621; x_wconf 89' lang='lat'>,</span> <span class='ocrx_word' id='word_1_77' title='bbox 1620 1552 1687 1606; x_wconf 88' lang='lat' dir='ltr'><strong>et</strong></span> <span class='ocrx_word' id='word_1_78' title='bbox 1736 1538 1807 1611; x_wconf 88' lang='lat' dir='ltr'><strong>in</strong></span> <span class='ocrx_word' id='word_1_79' title='bbox 1856 1538 2119 1609; x_wconf 85' lang='lat' dir='ltr'><strong>materie</strong></span> <span class='ocrx_word' id='word_1_80' title='bbox 2147 1543 2506 1631; x_wconf 78' lang='lat' dir='ltr'><strong>crystallina</strong></span> <span class='ocrx_word' id='word_1_81' title='bbox 2522 1592 2541 1625; x_wconf 87' lang='lat'>‚</span> 
     </span>
     <span class='ocr_line' id='line_1_11' title="bbox 406 1648 2547 1751; baseline 0.002 -25"><span class='ocrx_word' id='word_1_82' title='bbox 406 1685 609 1751; x_wconf 84' lang='lat' dir='ltr'><strong>quam</strong></span> <span class='ocrx_word' id='word_1_83' title='bbox 643 1659 1092 1751; x_wconf 65' lang='lat' dir='ltr'><strong>Piperin‘am</strong></span> <span class='ocrx_word' id='word_1_84' title='bbox 1121 1671 1452 1739; x_wconf 84' lang='lat' dir='ltr'><strong>vocarunt,</strong></span> <span class='ocrx_word' id='word_1_85' title='bbox 1497 1658 1859 1746; x_wconf 86' lang='lat' dir='ltr'><strong>quaerenda</strong></span> <span class='ocrx_word' id='word_1_86' title='bbox 1891 1648 2165 1726; x_wconf 82' lang='lat' dir='ltr'><strong>videtur.</strong></span> <span class='ocrx_word' id='word_1_87' title='bbox 2191 1694 2286 1711; x_wconf 90' lang='lat'>-</span> <span class='ocrx_word' id='word_1_88' title='bbox 2329 1663 2419 1729; x_wconf 84' lang='lat' dir='ltr'><strong>Ex</strong></span> <span class='ocrx_word' id='word_1_89' title='bbox 2448 1661 2547 1731; x_wconf 77' lang='lat' dir='ltr'><strong>his</strong></span> 
     </span>
     <span class='ocr_line' id='line_1_12' title="bbox 406 1756 2546 1872; baseline 0 -23"><span class='ocrx_word' id='word_1_90' title='bbox 406 1780 735 1872; x_wconf 81' lang='lat' dir='ltr'><strong>principiis</strong></span> <span class='ocrx_word' id='word_1_91' title='bbox 772 1780 1112 1851; x_wconf 80' lang='lat' dir='ltr'><strong>virtutes</strong></span> <span class='ocrx_word' id='word_1_92' title='bbox 1155 1756 1618 1851; x_wconf 27' lang='lat' dir='ltr'><strong>medicatae*</strong></span> <span class='ocrx_word' id='word_1_93' title='bbox 1646 1777 1882 1859; x_wconf 82' lang='lat' dir='ltr'><strong>variae,</strong></span> <span class='ocrx_word' id='word_1_94' title='bbox 1929 1776 2245 1868; x_wconf 77' lang='lat' dir='ltr'><strong>indigenis</strong></span> <span class='ocrx_word' id='word_1_95' title='bbox 2272 1779 2453 1848; x_wconf 85' lang='lat' dir='ltr'><strong>Asiae</strong></span> <span class='ocrx_word' id='word_1_96' title='bbox 2479 1795 2546 1849; x_wconf 81' lang='lat' dir='ltr'><strong>et</strong></span> 
     </span>
     <span class='ocr_line' id='line_1_13' title="bbox 404 1896 2549 1990; baseline 0.001 -23"><span class='ocrx_word' id='word_1_97' title='bbox 404 1900 739 1971; x_wconf 83' lang='lat' dir='ltr'><strong>Americae</strong></span> <span class='ocrx_word' id='word_1_98' title='bbox 766 1898 1022 1990; x_wconf 79' lang='lat' dir='ltr'><strong>populis</strong></span> <span class='ocrx_word' id='word_1_99' title='bbox 1045 1896 1402 1971; x_wconf 81' lang='lat' dir='ltr'><strong>notissimae</strong></span> <span class='ocrx_word' id='word_1_100' title='bbox 1429 1910 1495 1963; x_wconf 88' lang='lat' dir='ltr'><strong>et</strong></span> <span class='ocrx_word' id='word_1_101' title='bbox 1525 1920 1679 1969; x_wconf 88' lang='lat' dir='ltr'><strong>cum</strong></span> <span class='ocrx_word' id='word_1_102' title='bbox 1699 1896 2052 1986; x_wconf 78' lang='lat' dir='ltr'><strong>specierum</strong></span> <span class='ocrx_word' id='word_1_103' title='bbox 2078 1900 2549 1973; x_wconf 79' lang='lat' dir='ltr'><strong>enumeratione</strong></span> 
     </span>
     <span class='ocr_line' id='line_1_14' title="bbox 409 2015 2540 2110; baseline 0 -21"><span class='ocrx_word' id='word_1_104' title='bbox 409 2043 449 2089; x_wconf 88' lang='lat' dir='ltr'><strong>a</strong></span> <span class='ocrx_word' id='word_1_105' title='bbox 514 2043 622 2093; x_wconf 86' lang='lat' dir='ltr'><strong>me</strong></span> <span class='ocrx_word' id='word_1_106' title='bbox 654 2019 911 2110; x_wconf 48' lang='lat' dir='ltr'><strong>*passim</strong></span> <span class='ocrx_word' id='word_1_107' title='bbox 961 2030 1497 2089; x_wconf 81' lang='lat' dir='ltr'><strong>commemoratae</strong></span> <span class='ocrx_word' id='word_1_108' title='bbox 1511 2068 1529 2099; x_wconf 87' lang='lat'>‚</span> <span class='ocrx_word' id='word_1_109' title='bbox 1592 2015 1985 2090; x_wconf 68' lang='lat' dir='ltr'><strong>stimulantes</strong></span> <span class='ocrx_word' id='word_1_110' title='bbox 2002 2068 2022 2099; x_wconf 86' lang='lat'><strong>,</strong></span> <span class='ocrx_word' id='word_1_111' title='bbox 2083 2019 2502 2093; x_wconf 73' lang='lat' dir='ltr'><strong>smmachioae</strong></span> <span class='ocrx_word' id='word_1_112' title='bbox 2521 2071 2540 2109; x_wconf 80' lang='lat'>,</span> 
     </span>
     <span class='ocr_line' id='line_1_15' title="bbox 408 2137 2545 2231; baseline 0.001 -23"><span class='ocrx_word' id='word_1_113' title='bbox 408 2139 912 2231; x_wconf 78' lang='lat' dir='ltr'><strong>diaphoreticae‚</strong></span> <span class='ocrx_word' id='word_1_114' title='bbox 945 2138 1325 2221; x_wconf 80' lang='lat' dir='ltr'><strong>diureticae‚</strong></span> <span class='ocrx_word' id='word_1_115' title='bbox 1354 2138 1426 2208; x_wconf 88' lang='lat' dir='ltr'><strong>in</strong></span> <span class='ocrx_word' id='word_1_116' title='bbox 1453 2137 1636 2211; x_wconf 84' lang='lat' dir='ltr'><strong>variis</strong></span> <span class='ocrx_word' id='word_1_117' title='bbox 1664 2138 1919 2228; x_wconf 78' lang='lat' dir='ltr'><strong>plantae</strong></span> <span class='ocrx_word' id='word_1_118' title='bbox 1947 2137 2238 2229; x_wconf 79' lang='lat' dir='ltr'><strong>partibus</strong></span> <span class='ocrx_word' id='word_1_119' title='bbox 2265 2139 2545 2209; x_wconf 74' lang='lat' dir='ltr'><strong>residen-</strong></span> 
     </span>
    </p>
   </div>
   <div class='ocr_carea' id='block_1_3' title="bbox 281 2259 2543 2351">
    <p class='ocr_par' dir='ltr' id='par_1_3' title="bbox 281 2259 2543 2351">
     <span class='ocr_line' id='line_1_16' title="bbox 281 2259 2543 2351; baseline -0 -21"><span class='ocrx_word' id='word_1_120' title='bbox 281 2293 290 2303; x_wconf 93' lang='lat'><strong>·</strong></span> <span class='ocrx_word' id='word_1_121' title='bbox 408 2275 506 2330; x_wconf 86' lang='lat' dir='ltr'><strong>tes</strong></span> <span class='ocrx_word' id='word_1_122' title='bbox 520 2313 538 2343; x_wconf 89' lang='lat'>‚</span> <span class='ocrx_word' id='word_1_123' title='bbox 571 2260 959 2351; x_wconf 84' lang='lat' dir='ltr'><strong>repetendae</strong></span> <span class='ocrx_word' id='word_1_124' title='bbox 990 2259 1307 2333; x_wconf 78' lang='lat' dir='ltr'><strong>videntur.</strong></span> <span class='ocrx_word' id='word_1_125' title='bbox 1372 2262 1450 2329; x_wconf 84' lang='lat' dir='ltr'><strong>In</strong></span> <span class='ocrx_word' id='word_1_126' title='bbox 1477 2282 1764 2349; x_wconf 85' lang='lat' dir='ltr'><strong>quonam</strong></span> <span class='ocrx_word' id='word_1_127' title='bbox 1797 2272 2013 2329; x_wconf 81' lang='lat' dir='ltr'><strong>autem</strong></span> <span class='ocrx_word' id='word_1_128' title='bbox 2045 2259 2363 2350; x_wconf 86' lang='lat' dir='ltr'><strong>principio</strong></span> <span class='ocrx_word' id='word_1_129' title='bbox 2381 2261 2543 2333; x_wconf 83' lang='lat' dir='ltr'><strong>che-</strong></span> 
     </span>
    </p>
   </div>
   <div class='ocr_carea' id='block_1_4' title="bbox 414 2379 2546 2473">
    <p class='ocr_par' dir='ltr' id='par_1_4' title="bbox 414 2379 2546 2473">
     <span class='ocr_line' id='line_1_17' title="bbox 414 2379 2546 2473; baseline 0 -23"><span class='ocrx_word' id='word_1_130' title='bbox 414 2382 587 2450; x_wconf 81' lang='lat' dir='ltr'><strong>mico</strong></span> <span class='ocrx_word' id='word_1_131' title='bbox 616 2381 953 2473; x_wconf 82' lang='lat' dir='ltr'><strong>peculiaris</strong></span> <span class='ocrx_word' id='word_1_132' title='bbox 986 2381 1094 2451; x_wconf 82' lang='lat' dir='ltr'><strong>ina</strong></span> <span class='ocrx_word' id='word_1_133' title='bbox 1128 2380 1385 2453; x_wconf 77' lang='lat' dir='ltr'><strong>virtus</strong></span> <span class='ocrx_word' id='word_1_134' title='bbox 1426 2379 1839 2453; x_wconf 77' lang='lat' dir='ltr'><strong>narcotica</strong></span> <span class='ocrx_word' id='word_1_135' title='bbox 1873 2379 2267 2452; x_wconf 83' lang='lat' dir='ltr'><strong>inebrians</strong></span> <span class='ocrx_word' id='word_1_136' title='bbox 2296 2383 2546 2450; x_wconf 74' lang='lat' dir='ltr'><strong>Macro-</strong></span> 
     </span>
    </p>
   </div>
   <div class='ocr_carea' id='block_1_5' title="bbox 410 2479 2546 2705">
    <p class='ocr_par' dir='ltr' id='par_1_5' title="bbox 410 2479 2546 2705">
     <span class='ocr_line' id='line_1_18' title="bbox 410 2479 2546 2595; baseline 0 -25"><span class='ocrx_word' id='word_1_137' title='bbox 410 2502 648 2595; x_wconf 86' lang='lat' dir='ltr'><strong>piperis</strong></span> <span class='ocrx_word' id='word_1_138' title='bbox 705 2500 1072 2594; x_wconf 76' lang='lat' dir='ltr'><strong>methystici</strong></span> <span class='ocrx_word' id='word_1_139' title='bbox 1085 2552 1115 2584; x_wconf 86' lang='lat'>,</span> <span class='ocrx_word' id='word_1_140' title='bbox 1158 2479 1459 2574; x_wconf 81' lang='lat' dir='ltr'><strong>insulanis</strong></span> <span class='ocrx_word' id='word_1_141' title='bbox 1488 2499 1904 2572; x_wconf 81' lang='lat' dir='ltr'><strong>australasicis</strong></span> <span class='ocrx_word' id='word_1_142' title='bbox 1939 2498 2294 2582; x_wconf 76' lang='lat' dir='ltr'><strong>notissima,</strong></span> <span class='ocrx_word' id='word_1_143' title='bbox 2333 2523 2546 2593; x_wconf 58' lang='lat' dir='ltr'><strong>quae-v</strong></span> 
     </span>
     <span class='ocr_line' id='line_1_19' title="bbox 411 2619 1373 2705; baseline -0.003 -12"><span class='ocrx_word' id='word_1_144' title='bbox 411 2624 615 2696; x_wconf 80' lang='lat' dir='ltr'><strong>reuda</strong></span> <span class='ocrx_word' id='word_1_145' title='bbox 645 2621 730 2694; x_wconf 79' lang='lat' dir='ltr'><strong>sit</strong></span> <span class='ocrx_word' id='word_1_146' title='bbox 745 2671 764 2705; x_wconf 88' lang='lat'><strong>,</strong></span> <span class='ocrx_word' id='word_1_147' title='bbox 811 2619 1181 2696; x_wconf 83' lang='lat' dir='ltr'><strong>hodiedum</strong></span> <span class='ocrx_word' id='word_1_148' title='bbox 1200 2619 1373 2693; x_wconf 77' lang='lat' dir='ltr'><strong>latet.</strong></span> 
     </span>
    </p>
   </div>
   <div class='ocr_carea' id='block_1_6' title="bbox 1055 2775 1990 2885">
    <p class='ocr_par' dir='ltr' id='par_1_6' title="bbox 1055 2775 1990 2885">
     <span class='ocr_line' id='line_1_20' title="bbox 1055 2775 1990 2885; baseline -0.004 -18"><span class='ocrx_word' id='word_1_149' title='bbox 1055 2797 1329 2867; x_wconf 70' lang='lat' dir='ltr'><strong>Divisio</strong></span> <span class='ocrx_word' id='word_1_150' title='bbox 1371 2775 1918 2885; x_wconf 80' lang='lat' dir='ltr'><strong>Piperacearum.</strong></span> <span class='ocrx_word' id='word_1_151' title='bbox 1984 2783 1990 2790; x_wconf 50' lang='grc'><strong><em>’</em></strong></span> 
     </span>
    </p>
   </div>
   <div class='ocr_carea' id='block_1_7' title="bbox 413 2976 2549 4036">
    <p class='ocr_par' dir='ltr' id='par_1_7' title="bbox 413 2976 2549 4036">
     <span class='ocr_line' id='line_1_21' title="bbox 507 2976 2548 3074; baseline -0.003 -22"><span class='ocrx_word' id='word_1_152' title='bbox 507 2988 789 3052; x_wconf 65' lang='lat' dir='ltr'><strong>hamno</strong></span> <span class='ocrx_word' id='word_1_153' title='bbox 829 2994 1175 3074; x_wconf 83' lang='lat' dir='ltr'><strong>praeeunte</strong></span> <span class='ocrx_word' id='word_1_154' title='bbox 1204 3001 1423 3050; x_wconf 78' lang='lat' dir='ltr'><strong>omnes</strong></span> <span class='ocrx_word' id='word_1_155' title='bbox 1445 2978 1581 3050; x_wconf 69' lang='lat' dir='ltr'><strong>fiere</strong></span> <span class='ocrx_word' id='word_1_156' title='bbox 1606 2990 1898 3049; x_wconf 58' lang='lat' dir='ltr'><strong>auctores</strong></span> <span class='ocrx_word' id='word_1_157' title='bbox 1918 2976 1988 3048; x_wconf 88' lang='lat' dir='ltr'><strong>in</strong></span> <span class='ocrx_word' id='word_1_158' title='bbox 2016 2977 2284 3048; x_wconf 79' lang='lat' dir='ltr'><strong>unicum</strong></span> <span class='ocrx_word' id='word_1_159' title='bbox 2314 2978 2548 3070; x_wconf 62' lang='lat' dir='ltr'><strong>Pipa-is</strong></span> 
     </span>
     <span class='ocr_line' id='line_1_22' title="bbox 413 3098 2547 3197; baseline 0 -26"><span class='ocrx_word' id='word_1_160' title='bbox 413 3127 618 3197; x_wconf 76' lang='lat' dir='ltr'><strong>genus</strong></span> <span class='ocrx_word' id='word_1_161' title='bbox 637 3104 690 3192; x_wconf 86' lang='lat'><strong>1)</strong></span> <span class='ocrx_word' id='word_1_162' title='bbox 730 3103 1093 3194; x_wconf 86' lang='lat' dir='ltr'><strong>Piperaceas</strong></span> <span class='ocrx_word' id='word_1_163' title='bbox 1127 3100 1509 3191; x_wconf 75' lang='lat' dir='ltr'><strong>colligemnt</strong></span> <span class='ocrx_word' id='word_1_164' title='bbox 1524 3150 1541 3180; x_wconf 95' lang='lat'>,</span> <span class='ocrx_word' id='word_1_165' title='bbox 1589 3098 1780 3188; x_wconf 83' lang='lat' dir='ltr'><strong>quod</strong></span> <span class='ocrx_word' id='word_1_166' title='bbox 1803 3098 2106 3191; x_wconf 87' lang='lat' dir='ltr'><strong>equidem</strong></span> <span class='ocrx_word' id='word_1_167' title='bbox 2140 3101 2547 3171; x_wconf 79' lang='lat' dir='ltr'><strong>nonmireris</strong></span> 
     </span>
     <span class='ocr_line' id='line_1_23' title="bbox 417 3219 2546 3315; baseline -0.001 -21"><span class='ocrx_word' id='word_1_168' title='bbox 417 3226 474 3294; x_wconf 88' lang='lat' dir='ltr'><strong>si</strong></span> <span class='ocrx_word' id='word_1_169' title='bbox 504 3224 860 3315; x_wconf 83' lang='lat' dir='ltr'><strong>perpendas</strong></span> <span class='ocrx_word' id='word_1_170' title='bbox 876 3274 893 3305; x_wconf 90' lang='lat'>,</span> <span class='ocrx_word' id='word_1_171' title='bbox 937 3245 1206 3294; x_wconf 66' lang='lat' dir='ltr'><strong>amano</strong></span> <span class='ocrx_word' id='word_1_172' title='bbox 1235 3220 1427 3292; x_wconf 77' lang='lat' dir='ltr'><strong>unius</strong></span> <span class='ocrx_word' id='word_1_173' title='bbox 1463 3219 1688 3290; x_wconf 72' lang='lat' dir='ltr'><strong>saltem</strong></span> <span class='ocrx_word' id='word_1_174' title='bbox 1725 3219 2049 3290; x_wconf 76' lang='lat' dir='ltr'><strong>alteriusve</strong></span> <span class='ocrx_word' id='word_1_175' title='bbox 2092 3219 2320 3311; x_wconf 79' lang='lat' dir='ltr'><strong>speciei</strong></span> <span class='ocrx_word' id='word_1_176' title='bbox 2362 3223 2546 3313; x_wconf 73' lang='lat' dir='ltr'><strong>geni-</strong></span> 
     </span>
     <span class='ocr_line' id='line_1_24' title="bbox 416 3339 2547 3434; baseline -0.003 -17"><span class='ocrx_word' id='word_1_177' title='bbox 416 3343 565 3417; x_wconf 75' lang='lat' dir='ltr'><strong>talia</strong></span> <span class='ocrx_word' id='word_1_178' title='bbox 610 3343 865 3434; x_wconf 75' lang='lat' dir='ltr'><strong>cognita</strong></span> <span class='ocrx_word' id='word_1_179' title='bbox 913 3342 1123 3414; x_wconf 73' lang='lat' dir='ltr'><strong>fuisse.</strong></span> <span class='ocrx_word' id='word_1_180' title='bbox 1229 3344 1372 3431; x_wconf 83' lang='lat' dir='ltr'><strong>Ipse</strong></span> <span class='ocrx_word' id='word_1_181' title='bbox 1414 3339 1728 3431; x_wconf 72' lang='lat' dir='ltr'><strong>graviores</strong></span> <span class='ocrx_word' id='word_1_182' title='bbox 1759 3339 2154 3410; x_wconf 76' lang='lat' dir='ltr'><strong>diffeoentias</strong></span> <span class='ocrx_word' id='word_1_183' title='bbox 2180 3343 2547 3433; x_wconf 71' lang='lat' dir='ltr'><strong>susspicasse‘</strong></span> 
     </span>
     <span class='ocr_line' id='line_1_25' title="bbox 420 3459 2543 3553; baseline 0 -22"><span class='ocrx_word' id='word_1_184' title='bbox 420 3465 681 3534; x_wconf 78' lang='lat' dir='ltr'><strong>videtur.-</strong></span> <span class='ocrx_word' id='word_1_185' title='bbox 722 3484 876 3531; x_wconf 86' lang='lat' dir='ltr'><strong>cum</strong></span> <span class='ocrx_word' id='word_1_186' title='bbox 917 3464 1122 3532; x_wconf 85' lang='lat' dir='ltr'><strong>dicat:</strong></span> <span class='ocrx_word' id='word_1_187' title='bbox 1189 3485 1225 3528; x_wconf 90' lang='lat'>»</span> <span class='ocrx_word' id='word_1_188' title='bbox 1245 3459 1483 3553; x_wconf 74' lang='lat' dir='ltr'><strong>Piper-is</strong></span> <span class='ocrx_word' id='word_1_189' title='bbox 1524 3459 1796 3551; x_wconf 77' lang='lat' dir='ltr'><strong>species,</strong></span> <span class='ocrx_word' id='word_1_190' title='bbox 1827 3495 1832 3500; x_wconf 59' lang='grc'><strong><em>’</em></strong></span> <span class='ocrx_word' id='word_1_191' title='bbox 1859 3460 2170 3551; x_wconf 83' lang='lat' dir='ltr'><strong>imprimis</strong></span> <span class='ocrx_word' id='word_1_192' title='bbox 2218 3465 2543 3532; x_wconf 86' lang='lat' dir='ltr'><strong>Saururi</strong></span> 
     </span>
     <span class='ocr_line' id='line_1_26' title="bbox 420 3579 2543 3676; baseline -0.002 -20"><span class='ocrx_word' id='word_1_193' title='bbox 420 3609 720 3676; x_wconf 54' lang='lat' dir='ltr'><strong>»nnuma</strong></span> <span class='ocrx_word' id='word_1_194' title='bbox 751 3583 820 3651; x_wconf 88' lang='lat' dir='ltr'><strong>in</strong></span> <span class='ocrx_word' id='word_1_195' title='bbox 851 3584 983 3653; x_wconf 88' lang='lat' dir='ltr'><strong>solo</strong></span> <span class='ocrx_word' id='word_1_196' title='bbox 1012 3582 1207 3651; x_wconf 81' lang='lat' dir='ltr'><strong>natali</strong></span> <span class='ocrx_word' id='word_1_197' title='bbox 1238 3579 1689 3652; x_wconf 77' lang='lat' dir='ltr'><strong>examinandae</strong></span> <span class='ocrx_word' id='word_1_198' title='bbox 1724 3589 1800 3650; x_wconf 82' lang='lat' dir='ltr'><strong>ut</strong></span> <span class='ocrx_word' id='word_1_199' title='bbox 1831 3595 2132 3671; x_wconf 82' lang='lat' dir='ltr'><strong>appareat</strong></span> <span class='ocrx_word' id='word_1_200' title='bbox 2163 3595 2381 3664; x_wconf 75' lang='lat' dir='ltr'><strong>utrum</strong></span> <span class='ocrx_word' id='word_1_201' title='bbox 2415 3584 2543 3651; x_wconf 80' lang='lat' dir='ltr'><strong>dif-</strong></span> 
     </span>
     <span class='ocr_line' id='line_1_27' title="bbox 420 3702 2545 3800; baseline 0 -25"><span class='ocrx_word' id='word_1_202' title='bbox 420 3707 633 3786; x_wconf 80' lang='lat' dir='ltr'><strong>ferant</strong></span> <span class='ocrx_word' id='word_1_203' title='bbox 664 3730 702 3774; x_wconf 86' lang='lat' dir='ltr'><strong>a</strong></span> <span class='ocrx_word' id='word_1_204' title='bbox 730 3703 988 3800; x_wconf 81' lang='lat' dir='ltr'><strong>reliquis</strong></span> <span class='ocrx_word' id='word_1_205' title='bbox 1013 3703 1084 3774; x_wconf 88' lang='lat' dir='ltr'><strong>in</strong></span> <span class='ocrx_word' id='word_1_206' title='bbox 1105 3703 1393 3795; x_wconf 73' lang='lat' dir='ltr'><strong>partibus</strong></span> <span class='ocrx_word' id='word_1_207' title='bbox 1417 3702 1992 3773; x_wconf 75' lang='lat' dir='ltr'><strong>fiuctificationis.”</strong></span> <span class='ocrx_word' id='word_1_208' title='bbox 2037 3706 2247 3789; x_wconf 86' lang='lat' dir='ltr'><strong>Quam</strong></span> <span class='ocrx_word' id='word_1_209' title='bbox 2277 3705 2545 3795; x_wconf 88' lang='lat' dir='ltr'><strong>quidem</strong></span> 
     </span>
     <span class='ocr_line' id='line_1_28' title="bbox 421 3825 2545 3919; baseline -0 -23"><span class='ocrx_word' id='word_1_210' title='bbox 421 3826 819 3898; x_wconf 68' lang='lat' dir='ltr'><strong>utilissimam</strong></span> <span class='ocrx_word' id='word_1_211' title='bbox 863 3825 1373 3897; x_wconf 72' lang='lat' dir='ltr'><strong>adhortationem</strong></span> <span class='ocrx_word' id='word_1_212' title='bbox 1393 3875 1410 3907; x_wconf 92' lang='lat'>,</span> <span class='ocrx_word' id='word_1_213' title='bbox 1459 3826 1545 3894; x_wconf 85' lang='lat' dir='ltr'><strong>ad</strong></span> <span class='ocrx_word' id='word_1_214' title='bbox 1592 3849 1704 3893; x_wconf 86' lang='lat' dir='ltr'><strong>sua</strong></span> <span class='ocrx_word' id='word_1_215' title='bbox 1737 3847 1939 3915; x_wconf 85' lang='lat' dir='ltr'><strong>usque</strong></span> <span class='ocrx_word' id='word_1_216' title='bbox 1971 3838 2258 3917; x_wconf 80' lang='lat' dir='ltr'><strong>tempora</strong></span> <span class='ocrx_word' id='word_1_217' title='bbox 2291 3827 2545 3919; x_wconf 75' lang='lat' dir='ltr'><strong>neglec-</strong></span> 
     </span>
     <span class='ocr_line' id='line_1_29' title="bbox 421 3945 2549 4036; baseline -0 -18"><span class='ocrx_word' id='word_1_218' title='bbox 421 3962 559 4018; x_wconf 79' lang='lat' dir='ltr'><strong>tam</strong></span> <span class='ocrx_word' id='word_1_219' title='bbox 580 3997 599 4029; x_wconf 90' lang='lat'>‚</span> <span class='ocrx_word' id='word_1_220' title='bbox 643 3972 891 4018; x_wconf 70' lang='lat' dir='ltr'><strong>numius.</strong></span> <span class='ocrx_word' id='word_1_221' title='bbox 931 3960 998 4016; x_wconf 84' lang='lat' dir='ltr'><strong>et</strong></span> <span class='ocrx_word' id='word_1_222' title='bbox 1041 3969 1315 4015; x_wconf 66' lang='lat' dir='ltr'><strong>Pavones</strong></span> <span class='ocrx_word' id='word_1_223' title='bbox 1356 3946 1636 4022; x_wconf 78' lang='lat' dir='ltr'><strong>demum</strong></span> <span class='ocrx_word' id='word_1_224' title='bbox 1661 3945 1863 4013; x_wconf 82' lang='lat' dir='ltr'><strong>secuti</strong></span> <span class='ocrx_word' id='word_1_225' title='bbox 1882 3996 1899 4027; x_wconf 91' lang='lat'>,</span> <span class='ocrx_word' id='word_1_226' title='bbox 1945 3947 2180 4036; x_wconf 82' lang='lat' dir='ltr'><strong>species</strong></span> <span class='ocrx_word' id='word_1_227' title='bbox 2209 3947 2549 4017; x_wconf 84' lang='lat' dir='ltr'><strong>herbaceas</strong></span> 
     </span>
    </p>
   </div>
   <div class='ocr_carea' id='block_1_8' title="bbox 413 4233 2560 4398">
    <p class='ocr_par' dir='ltr' id='par_1_8' title="bbox 413 4233 2560 4398">
     <span class='ocr_line' id='line_1_30' title="bbox 484 4233 2560 4315; baseline 0.004 -24"><span class='ocrx_word' id='word_1_228' title='bbox 484 4242 524 4311; x_wconf 90' lang='lat'><strong>1)</strong></span> <span class='ocrx_word' id='word_1_229' title='bbox 561 4245 821 4293; x_wconf 61' lang='lat' dir='ltr'><strong>Picumnus</strong></span> <span class='ocrx_word' id='word_1_230' title='bbox 850 4244 995 4308; x_wconf 77' lang='lat' dir='ltr'><strong>hujus</strong></span> <span class='ocrx_word' id='word_1_231' title='bbox 1020 4244 1202 4310; x_wconf 82' lang='lat' dir='ltr'><strong>generis</strong></span> <span class='ocrx_word' id='word_1_232' title='bbox 1235 4246 1409 4311; x_wconf 83' lang='lat' dir='ltr'><strong>species</strong></span> <span class='ocrx_word' id='word_1_233' title='bbox 1441 4246 1721 4295; x_wconf 82' lang='lat' dir='ltr'><strong>americanas</strong></span> <span class='ocrx_word' id='word_1_234' title='bbox 1750 4246 2039 4295; x_wconf 79' lang='lat' dir='ltr'><strong>Sani-uros</strong></span> <span class='ocrx_word' id='word_1_235' title='bbox 2069 4255 2116 4295; x_wconf 84' lang='lat' dir='ltr'><strong>et</strong></span> <span class='ocrx_word' id='word_1_236' title='bbox 2150 4260 2374 4296; x_wconf 69' lang='lat' dir='ltr'><strong>acuamus</strong></span> <span class='ocrx_word' id='word_1_237' title='bbox 2406 4233 2560 4315; x_wconf 55' lang='lat' dir='ltr'><strong>plui-i-</strong></span> 
     </span>
     <span class='ocr_line' id='line_1_31' title="bbox 413 4328 1254 4398; baseline 0 -20"><span class='ocrx_word' id='word_1_238' title='bbox 413 4345 510 4378; x_wconf 79' lang='lat' dir='ltr'><strong>mas</strong></span> <span class='ocrx_word' id='word_1_239' title='bbox 534 4330 751 4379; x_wconf 72' lang='lat' dir='ltr'><strong>asiaticas</strong></span> <span class='ocrx_word' id='word_1_240' title='bbox 781 4330 942 4398; x_wconf 72' lang='lat' dir='ltr'><strong>Sitia</strong></span> <span class='ocrx_word' id='word_1_241' title='bbox 975 4328 1254 4396; x_wconf 69' lang='lat' dir='ltr'><strong>adpellabat.</strong></span> 
     </span>
    </p>
   </div>
  </div>
 </body>
</html>
