3153 5134
1630 382 1718 449 32

498 614 500 617 ’
605 591 904 688 stigmate
950 587 1219 684 simplici
1256 591 1638 673 instructas,
1684 587 2187 682 Peperomiae
2219 574 2410 659 titulo
2438 589 2727 681 sejunxe-

459 709 462 712 ’
602 731 759 784 runt
807 715 1042 808 (Prod.
1067 713 1160 802 fl.
1208 715 1452 783 Perua.
1490 738 1564 801 p.
1604 711 1697 802 8).
1771 711 1960 796 Quod
1989 733 2191 801 genus
2222 732 2261 777 e
2292 723 2557 778 naturae
2603 737 2724 781 nu·

604 850 677 905 tu
732 850 1019 904 creatum
1062 835 1276 926 plures
1329 847 1614 902 auctores
1663 832 1811 903 ideo
1860 855 1994 901 non
2035 831 2347 922 recepisse
2395 816 2726 915 videntur,

599 956 905 1048 quoniam
981 955 1050 1021 in
1114 954 1475 1025 universum
1536 953 1961 1045 plurimarum
2021 952 2394 1044 specierum
2429 952 2729 1044 genitalia

601 1074 967 1167 incognita
993 1086 1197 1142 essent
1254 1087 1325 1141 et
1386 1075 1832 1141 characterum
1892 1071 2108 1162 itaque
2167 1072 2339 1140 valor
2389 1058 2731 1184 dijudicari

600 1218 734 1264 non
762 1206 990 1286 posset.
1089 1193 1181 1263 Cl.
1209 1215 1425 1260 anons
1454 1193 1850 1285 Zippeliae
1879 1206 2080 1284 genus
2112 1180 2597 1284 monotypicum
2624 1196 2728 1260 Ja-

603 1337 841 1383 vanum
901 1307 1228 1395 exstruxit,
1274 1312 1494 1380 validis
1539 1310 2005 1379 characteribus
2061 1308 2414 1379 stabilitum
2478 1299 2726 1402 (noem.

602 1448 665 1500 et
725 1433 981 1502 Schult.
1016 1428 1208 1522 Syn.
1274 1435 1445 1524 Veg.
1510 1434 1683 1502 VII.
1732 1457 1806 1520 p.
1856 1430 2081 1521 1614).
2125 1464 2130 1471 ¹
2185 1420 2582 1499 ottoniae
2615 1455 2726 1523 ge-

599 1552 733 1621 nus
752 1568 939 1621 antea
972 1577 1010 1621 a
1055 1574 1430 1620 arnaudum
1473 1552 1662 1620 nimis
1710 1551 1983 1620 breviter
2022 1564 2089 1619 et
2129 1549 2497 1640 imperfecte
2535 1550 2727 1621 etiam

599 1672 987 1764 descriptum
1006 1723 1024 1754 ‚
1069 1664 1239 1740 inter
1285 1695 1521 1763 genera
1569 1673 1852 1740 incertae
1884 1670 2213 1740 affinitatis
2245 1662 2541 1740 remansit
2559 1723 2577 1754 ‚
2609 1671 2727 1740 do—

598 1816 717 1860 nec
769 1788 807 1859 a
855 1786 946 1860 el.
1000 1815 1357 1859 nunucnan
1407 1791 1578 1860 inter
1622 1791 1820 1859 dubia
1854 1783 2338 1882 Piperacearum
2367 1783 2597 1883 genera
2629 1784 2727 1861 re-

598 1922 861 2002 ceptum
880 1962 898 1991 ‚
980 1932 1129 1979 mox
1191 1934 1229 1978 a
1282 1904 1381 1980 (21.
1443 1932 1855 1978 csumcmun
1875 1960 1893 1991 ‚
1957 1934 2154 2000 quem
2200 1911 2724 2001 Sprengelianum

602 2028 818 2122 genus
849 2020 1175 2120 fugiebat;
1220 2030 1657 2100 Serroniae
1682 2030 1943 2099 nomine
1980 2029 2358 2111 salutatum,
2392 2029 2545 2096 dein
2580 2053 2617 2097 a
2658 2031 2724 2098 b.

596 2145 944 2218 dominun<
965 2144 1194 2219 eximie
1214 2144 1649 2218 illustrabatur
1666 2144 1795 2242 (De
1808 2152 1989 2218 Len.
2008 2150 2187 2217 Icon.
2204 2148 2336 2217 See.
2355 2140 2534 2217 Tom.
2554 2140 2728 2239 III).

601 2267 837 2360 Piper
885 2268 944 2338 ι’..
983 2266 1020 2337 a
1050 2271 1142 2347 Gl.
1186 2293 1604 2338 fasunrcnmn
1629 2342 1634 2345 Α
1660 2267 1729 2335 in
1763 2267 1884 2336 tria
1918 2262 2190 2358 genera,
2238 2269 2724 2358 Peperomia,

595 2388 1057 2482 Dugagelia',
1105 2385 1640 2482 Piperdivisum
1685 2402 1810 2470 est.
1855 2384 2157 2479 idemque
2198 2382 2423 2457 auctor
2469 2388 2729 2480 insuper

597 2513 934 2579 Laureae
976 2505 1181 2602 genus
1230 2506 1545 2578 condidit.
1648 2504 1727 2576 In
1765 2504 2221 2577 constituendis
2265 2521 2485 2577 autem
2526 2501 2729 2578 tribus

600 2630 721 2699 illis
751 2631 1122 2723 generibus,
1152 2627 1637 2697 celeberrimum
1671 2641 1999 2698 auctorem
2032 2630 2118 2699 ad
2147 2630 2343 2697 varias
2374 2623 2509 2697 illas
2538 2623 2726 2699 diffe-

603 2751 835 2820 rentias
849 2803 867 2834 ‚
931 2775 1100 2842 quae
1148 2749 1217 2816 in
1269 2747 1645 2842 genitalium
1688 2762 2002 2818 structura
2036 2750 2447 2819 observantur
2466 2801 2482 2830 ,
2548 2749 2728 2817 haud

579 2871 746 2939 'satis
791 2870 1080 2939 animum
1127 2858 1464 2938 adsertisse
1480 2921 1497 2951 ,
1543 2870 1893 2938 concedere
1918 2892 2053 2938 non
2081 2867 2407 2936 dubitabis
2426 2920 2444 2951 ‚
2490 2869 2540 2936 si
2574 2869 2726 2937 cha-

603 3004 873 3060 racteres
927 3004 1174 3059 attenta
1241 3003 1458 3059 mente
1521 2990 1881 3080 perpendas
1932 2991 2103 3081 (Iter
2168 2992 2514 3079 Freycimt
2571 2991 2729 3061 Boe.

601 3136 671 3200 p.
736 3114 955 3199 513).-
1023 3107 1454 3203 Dugagelia
1517 3109 1805 3200 inprimis
1865 3105 1952 3178 ad
2015 3111 2516 3202 Peperomiae
2576 3124 2725 3180 sect.

606 3226 1100 3320 Micro'piper
1130 3227 1474 3297 referenda
1517 3224 1810 3311 videtur.
1851 3243 1918 3299 et
1960 3230 2200 3321 Piper
2238 3230 2554 3298 Gaudich.
2626 3228 2725 3296 Pi·

607 3372 826 3441 pereas
887 3347 1129 3417 nostras
1172 3348 1529 3439 ‘utriusque
1550 3345 1788 3425 sorbis·
1823 3348 2288 3440 complectitur.
2380 3352 2470 3418 De
2532 3352 2626 3416 La
2645 3373 2728 3416 u—

610 3494 645 3538 r
658 3492 741 3537 ea
790 3492 868 3537 ex
917 3465 1149 3537 ordine
1196 3464 1594 3536 excludenda
1651 3468 1795 3537 vide
1840 3470 1926 3537 ad
1975 3469 2235 3537 calcem.
2302 3505 2422 3523 ....
2455 3467 2730 3559 Diligen-

609 3588 737 3658 tius
782 3588 1163 3678 comparatis
1207 3581 1532 3679 speciebus
1581 3587 1908 3680 utriusque
1948 3584 2131 3657 ³orbis
2171 3589 2329 3658 olim
2374 3588 2734 3679 Piperaceas

609 3707 680 3777 in
719 3713 953 3800 genera
1005 3708 1320 3776 naturalia
1351 3707 1681 3779 dissolvere
1697 3708 2071 3800 'periculum
2101 3707 2224 3777 feci
2261 3707 2535 3802 (Comm.
2557 3712 2730 3798 pley-

609 3843 788 3921 togr.
806 3855 880 3918 p.
915 3830 1052 3918 33),
1080 3852 1210 3920 qua
1239 3829 1673 3920 disquisitione
1698 3851 1930 3920 genera
1954 3843 2164 3898 exorta
2192 3843 2367 3896 sunt:
2398 3826 2728 3909 Cubeba‚

609 3948 997 4029 Huldera,
1045 3949 1310 4039 Piper.
1358 3948 1892 4040 Macropiper‚
1943 3948 2557 4039 Pothomorphe‚
2603 3949 2729 4015 Ar-

538 4074 551 4092 *
608 4068 913 4150 tanthe,
961 4068 1471 4160 Micropiper,
1521 4068 2006 4157 Peperomia,
2054 4055 2414 4160 Zippelia
2460 4079 2527 4134 et
2569 4070 2733 4136 Ser-

612 4210 695 4258 ro
710 4190 838 4256 nia
862 4242 879 4272 ,
924 4204 990 4258 et
1023 4190 1122 4257 his
1152 4203 1370 4282 postea
1405 4211 1564 4257 nova
1598 4188 1950 4281 specimum
1980 4188 2160 4279 copia
2187 4185 2564 4277 perlustrata
2592 4187 2737 4254 'ril-

612 4310 930 4393 deniae,
993 4308 1390 4380 Erasmiae
1456 4322 1521 4378 et
1586 4305 2435 4399 Acrocarpidiigenera
2486 4305 2735 4377 addidi.
