3153 5134
1634 373 1721 434 70

612 575 789 635 Foliis
822 572 1061 653 peltatis
1095 570 1537 631 orbicularibus
1564 572 1926 647 epunctatis5
1958 570 2215 629 amentis
2239 569 2622 630 ffliformibus
2655 593 2756 631 re·-

611 675 953 752 motissoris,
996 674 1252 735 bracteis
1287 672 1478 733 ovatis
1509 674 1888 748 acuminatis,
1931 672 2310 750 longiuscule
2350 672 2754 751 pedicellatis,

605 778 806 840 baccis
834 779 1020 839 ovatis
1061 774 1435 836 acuminatis.
1917 780 1931 793 ·

691 909 850 958 leon.
887 902 1016 956 Ruiz
1051 911 1104 956 et
1141 905 1257 955 Pav.
1293 901 1332 956 l.
1368 920 1412 955 c.
1449 898 1572 953 Tab.
1609 904 1698 953 45.

687 988 864 1044 nei-b.
898 988 1081 1044 Willd.
1119 1008 1174 1042 n.
1212 992 1356 1042 764?

697 1133 985 1194 Habitat
1029 1134 1096 1191 in
1142 1132 1401 1193 Peruvia
1444 1132 1523 1192 ad
1566 1131 1765 1208 Lima‚
1817 1131 2166 1212 Chanchay‚
2217 1133 2508 1196 fluanuco
2546 1135 2748 1216 (Ruir.!

620 1237 662 1297 l.
697 1255 751 1297 c.
785 1244 848 1296 et
890 1236 955 1294 in
1002 1235 1178 1294 flerb.
1217 1255 1341 1313 reg.
1375 1234 1592 1312 berol.)
1630 1234 1697 1293 in
1734 1234 1989 1295 Peruvia
2023 1234 2099 1294 ad
2136 1235 2540 1297 San-Lorenzo
2571 1239 2752 1319 (Gau-

616 1339 814 1400 dich.!
856 1359 916 1399 n.
961 1337 1079 1401 150
1112 1338 1178 1408 in
1213 1337 1389 1399 Herb.
1425 1336 1512 1421 De
1544 1338 1732 1413 Lens„
1772 1337 1999 1417 Meyen!
2044 1338 2110 1398 in
2151 1338 2260 1399 Hb.
2299 1359 2422 1419 reg.
2464 1339 2618 1421 ber.)

687 1541 851 1598 Herba
885 1541 1073 1596 acaulis
1108 1540 1340 1595 tuberosa
1372 1545 1512 1597 5-8
1548 1550 1682 1598 cent.
1715 1540 1841 1598 alta.
1911 1540 2113 1596 Tuber
2139 1541 2523 1597 subterraneum
2554 1542 2755 1617 placen-

614 1628 818 1687 tiforme
847 1641 997 1686 extus
1020 1630 1214 1685 sordide
1244 1629 1467 1696 fuscum,
1502 1630 1644 1685 intus
1671 1628 1774 1684 fere
1799 1629 2026 1684 albicans
2052 1630 2134 1684 vel
2159 1629 2470 1684 dilutissime
2494 1630 2762 1698 flavicans,

611 1722 793 1774 6-10
821 1737 950 1774 mm.
978 1717 1177 1786 latum,
1206 1722 1348 1772 4-5
1381 1737 1510 1772 mm.
1540 1715 2023 1791 perpendiculariter
2049 1735 2296 1785 crassum,
2324 1716 2532 1772 fibrillis
2554 1718 2766 1774 hirsutis

615 1809 760 1859 2-3
791 1815 926 1860 cent.
957 1804 1122 1878 longis
1148 1803 1299 1860 facile
1326 1803 1629 1858 solubilibus
1662 1803 1891 1879 undique
1918 1803 2176 1858 vestitum.
2235 1803 2405 1858 Folia
2435 1814 2486 1859 et
2524 1816 2764 1861 amenta

612 1910 675 1946 ex
718 1893 858 1966 apice
901 1892 1093 1947 tuberis
1138 1893 1365 1965 plurima
1407 1901 1603 1961 aecta,
1649 1891 1747 1947 illa
1779 1891 2099 1966 ,peripherica
2142 1891 2394 1964 petiolis
2436 1891 2764 1948 fililbrmibus

613 1978 804 2051 glabris
831 1978 1077 2033 teretibus
1105 1979 1183 2050 (in
1214 1979 1327 2034 vivo
1363 1978 1695 2050 succulentis)
1723 1978 1949 2032 flaccidis
1980 1982 2121 2032 2-5
2154 1988 2287 2032 cent.
2318 1978 2480 2051 longis
2514 1989 2759 2046 sustenta,

612 2066 668 2120 in
712 2067 824 2121 vivo
869 2065 1414 2135 carnoso—succulenta,
1451 2066 1582 2122 siem
1613 2067 1857 2133 coriacea,
1894 2065 2137 2139 utrinque
2165 2065 2371 2139 glabra,
2406 2065 2762 2140 epunctulata,

612 2151 746 2207 infra
774 2153 1068 2228 pallidiora,
1097 2154 1163 2208 ad
1191 2154 1384 2209 lentem
1415 2153 1742 2209 subtilissime
1769 2151 2056 2219 nervulosa,
2089 2153 2408 2226 marginibus
2437 2154 2764 2228 subrepandis

612 2249 903 2308 atentiam,
953 2240 1349 2297 suborbicularia
1394 2242 1474 2297 vel
1520 2240 1818 2296 orbicularis
1832 2278 1850 2307 ,
1892 2241 2067 2315 paullo
2102 2241 2238 2295 infra
2275 2242 2506 2296 medium
2546 2243 2761 2316 peltata,

612 2330 789 2393 4-8,
831 2347 945 2383 raro
982 2333 1059 2384 1⁰
1095 2347 1224 2385 mm.
1262 2329 1319 2383 in
1360 2329 1519 2383 diam.
1591 2335 1850 2383 Ameuta
1887 2327 2148 2382 filit'ormia
2185 2338 2349 2383 enecta
2390 2328 2762 2402 pedunculis

612 2410 943 2469 ffliformibus
970 2414 1215 2470 teretibus
1243 2415 1431 2488 glabris
1461 2414 1664 2482 nitidis,
1700 2419 1733 2469 2
1766 2414 2102 2488 (junioribus)
2135 2420 2232 2470 -7
2260 2426 2392 2472 cent.
2422 2416 2582 2491 longis
2614 2415 2764 2471 nudis

610 2501 762 2555 rectis
807 2511 1058 2571 sustenta,
1104 2511 1244 2556 reeta
1289 2502 1368 2556 vel
1414 2521 1600 2576 parum
1643 2501 1887 2569 flexuosa,
1936 2501 2198 2557 filiformia
2245 2502 2444 2572 obtusa,
2495 2502 2763 2577 virginalia

614 2586 826 2644 hacteis
858 2590 1144 2645 imbricatis
1175 2599 1310 2643 tecta
1343 2594 1378 2643 2
1418 2599 1553 2644 cent.
1584 2589 1813 2657 circiter,
1853 2590 2090 2644 florentia
2123 2591 2264 2645 valde
2294 2592 2526 2665 elongata
2557 2591 2760 2645 remoti-

609 2674 741 2730 flora
771 2680 915 2730 4-7
945 2685 1081 2730 cent.
1108 2676 1278 2749 longa.
1350 2674 1558 2730 Flores
1591 2676 1775 2730 sensim
1808 2677 1973 2751 magis
1997 2696 2029 2731 a
2057 2696 2108 2732 se
2136 2678 2354 2733 invicem
2383 2681 2564 2733 remoti
2596 2679 2671 2733 ita
2702 2689 2763 2732 ut

611 2763 843 2820 deflorati
888 2768 1028 2818 4-5
1069 2781 1199 2817 mm.
1237 2782 1340 2817 non
1377 2782 1489 2817 raro
1525 2763 1732 2819 distent.
1805 2768 2013 2818 Bractea
2048 2766 2314 2839 persistens
2355 2766 2762 2831 membranacea,

606 2854 746 2911 infra
782 2850 1012 2904 medium
1051 2849 1370 2924 pedicellata,
1408 2850 1612 2923 glabra,
1639 2852 1829 2925 pallide
1858 2852 2022 2919 tusca,
2045 2853 2180 2925 pelta
2210 2852 2594 2925 oblongo-ovata
2623 2852 2764 2925 apice

608 2940 793 2998 sensim
840 2938 991 3011 longe
1030 2948 1340 3013 angusteque
1381 2940 1700 3008 acuminata,
1748 2941 1986 2994 acumine
2028 2940 2227 3012 patulo,
2279 2939 2595 3010 marginibus
2638 2938 2760 2992 sub·

611 3028 841 3094 deflexis‚
865 3027 972 3081 basi
1000 3025 1180 3080 obtusa
1204 3027 1414 3081 elevata.
1482 3029 1760 3082 Stamina
1792 3028 1894 3081 duo
1922 3025 2149 3081 lateralia
2177 3026 2381 3097 patula,
2407 3025 2666 3079 filamen
2679 3027 2765 3080 tis

615 3114 815 3169 bractea
839 3111 1151 3166 brevioribus
1185 3111 1454 3179 teretibus,
1486 3114 1766 3168 anthei-is
1794 3112 1989 3167 sordide
2019 3110 2169 3164 fuscis
2198 3110 2763 3184 oblongo-subglobosis‚

616 3201 794 3256 loculis
829 3199 1094 3273 appositis,
1138 3199 1389 3272 angulum
1426 3209 1627 3252 rectum
1662 3218 1779 3253 cnm
1819 3198 2085 3251 filamento
2126 3196 2561 3251 constituentibus.
2633 3200 2763 3252 Ova-

614 3289 755 3344 rium
797 3286 961 3341 sessile
1002 3285 1098 3341 sub
1138 3284 1336 3340 bractea
1376 3284 1477 3339 iere
1519 3285 1684 3339 latens
1722 3293 1963 3347 ovatum,
2010 3280 2146 3353 apice
2189 3281 2242 3334 in
2287 3281 2523 3354 stylum
2557 3283 2759 3339 brevem

618 3374 982 3449 subobliquum
1026 3382 1380 3439 contractum,
1422 3373 1572 3444 cujus
1619 3372 1749 3445 apici
1790 3369 2017 3440 stigma
2063 3368 2412 3441 capitellatum
2453 3370 2762 3443 puberulum

615 3460 819 3517 insidet.
891 3464 1080 3515 Bacca
1110 3458 1392 3512 immatura
1420 3456 1525 3511 basi
1558 3457 1762 3510 bractea
1793 3454 2085 3526 persistente
2115 3452 2353 3522 suffulta,
2385 3467 2555 3525 ovata,
2589 3461 2766 3534 paullo
2811 3526 2819 3532 ,

610 3547 821 3623 ,oblique
867 3558 921 3601 et
964 3545 1185 3601 breviter
1226 3543 1520 3599 acuminata
1533 3580 1553 3610 ,
1603 3543 1780 3614 nigra,
1834 3538 2043 3613 glabra,
2090 3539 2423 3600 subnitidula.
2509 3548 2641 3616 (Sec.
2687 3568 2761 3624 sp.

606 3633 889 3704 ‚Gaudichq

690 3719 1039 3794 specimina
1073 3716 1372 3772 Ruiziana
1412 3715 1590 3788 (Hei-b.
1630 3734 1674 3770 r.
1709 3714 1889 3785 berol.)
1929 3714 2104 3770 tubere
2142 3716 2373 3772 crassiore
2409 3724 2588 3790 1-1}
2627 3733 2761 3778 cent.

617 3813 676 3868 in
713 3808 900 3873 diam.‚
936 3805 1070 3860 foliis
1101 3803 1379 3878 majoribus
1415 3808 1553 3858 1—2
1587 3813 1721 3859 cent.
1754 3804 1808 3857 in
1839 3803 2021 3870 diam,
2058 3805 2274 3859 amentis
2304 3824 2428 3862 cum
2463 3809 2762 3883 pedunculis

616 3899 832 3955 12-13
878 3903 1011 3948 cent.
1043 3891 1232 3966 longis,
1280 3891 1495 3947 bracteis
1535 3892 1677 3947 band
1703 3892 1826 3947 adeo
1870 3893 2172 3948 acuminatis
2201 3893 2477 3960 differunt,
2522 3898 2607 3952 sed
2638 3908 2760 3952 sunt

615 3981 916 4059 provectiora
931 4018 950 4048 ‚
996 3979 1158 4034 baccis
1204 3980 1495 4036 immaturis
1540 3980 1704 4037 ovatis
1735 3980 2042 4037 acuminatis
2055 4020 2073 4049 ‚
2119 3980 2333 4038 bracteis
2361 3982 2773 4058 staminibusque·

611 4067 986 4147 persistentibus
1021 4068 1287 4123 instructa.

686 4156 1002 4231 Specimen
1044 4157 1460 4227 mexicanum,
1496 4156 1561 4212 ab
1601 4171 1763 4214 nunu.
1794 4166 1848 4212 et
1883 4173 1932 4212 Β.
1963 4159 2182 4225 lectum,
2223 4158 2279 4210 in
2311 4155 2460 4211 flerb.
2493 4154 2671 4212 Willd.
2703 4177 2756 4216 n.

607 4247 721 4313 eit„
759 4264 792 4301 a
826 4244 1059 4320 pei-uanis
1093 4244 1266 4302 differt
1302 4245 1422 4304 {olio
1451 4246 1628 4322 paullo
1656 4247 1844 4322 majore
1876 4251 1946 4314 11¹5
1979 4254 2108 4302 cent.
2144 4244 2275 4313 lato,
2312 4242 2394 4299 sed
2424 4251 2593 4298 tamen
2623 4263 2652 4301 a
2684 4266 2754 4303 sc-

602 4334 785 4413 quenti
813 4333 1169 4409 distinguitur.
