3153 5134
1419 361 1552 431 273

480 563 600 625 Usu
609 587 650 625 s.
718 567 914 643 Ligno
940 562 1170 624 caulium
1198 558 1558 622 Amboinenses
1581 562 1872 641 frequenter
1898 573 2125 621 utuntur
2160 575 2340 640 contra
2381 572 2555 638 inean-

404 664 674 725 tamenta3
723 655 1004 711 contritum
1034 655 1306 729 propinant
1334 665 1490 730 atque
1518 666 1665 711 extus
1695 656 1932 711 illiniunt
1949 695 1967 725 ‚
2002 655 2200 730 saepius
2225 667 2407 714 antem
2437 677 2554 714 con·

401 744 612 799 scissum
663 763 787 799 cum
827 744 928 798 Siri
970 743 1163 818 Pinang
1207 755 1260 798 et
1306 745 1571 819 Zingibere
1616 746 1809 800 minore
1850 744 2122 801 masticant
2141 786 2159 816 ‚
2194 747 2328 803 Ubat
2353 749 2556 823 Swangi

398 831 601 885 dictum
619 870 637 897 ‚
689 832 726 888 i.
754 850 801 886 e.
832 830 1085 886 medicina
1115 831 1466 906 anti-magica.
1538 833 1711 888 Folia
1740 843 1871 888 tosta
1903 853 1962 889 ac
1989 845 2285 908 praeparata
2314 837 2550 911 partibus

397 919 653 974 oedemate
677 919 998 974 tumentibus
1027 920 1369 994 imponuntur
1402 923 1482 977 vel
1511 923 1840 996 paralyticis3
1885 923 2051 977 fronte
2081 923 2320 997 imposita
2348 923 2549 998 cephal—

395 1005 587 1081 algiam
617 1017 800 1062 curant
812 1044 836 1076 ‹‚
867 1007 1032 1063 cutim
1062 1007 1383 1063 rubefaciant
1409 1018 1464 1064 et
1489 1009 1735 1064 vesiculas
1765 1008 2003 1063 fist-mant.

484 1185 547 1243 V
540 1206 627 1247 ar.
647 1187 893 1268 prolixa
931 1187 1144 1246 Blume
1179 1187 1220 1246 l.
1254 1209 1306 1247 c.
1331 1207 1394 1268 p.
1430 1185 1571 1247 210.
1625 1185 1802 1248 Foliis
1818 1185 2317 1265 subacuminatis,
2346 1187 2544 1252 7-9-

397 1290 871 1350 oestato-nerviis
885 1336 904 1367 ,
944 1290 1147 1350 nervis
1181 1289 1556 1351 distantibus.
1801 1376 1807 1384 .

479 1388 782 1454 Habitat
814 1393 880 1452 in
911 1392 1213 1453 montanis
1243 1392 1427 1454 Javae
1464 1400 1526 1463 et
1561 1391 1898 1489 Amboinae
1932 1391 2051 1479 (131.
2092 1391 2133 1451 l.
2166 1388 2266 1472 c.).

467 1514 830 1572 Adnotatio.
901 1520 1036 1571 Duas
1078 1515 1203 1571 alias
1223 1513 1561 1572 'huicaffines
1590 1508 2057 1591 species‘ntml’mfis
2087 1515 2142 1569 in
2169 1515 2340 1571 eodem
2378 1500 2544 1592 capite
2579 1523 2589 1533 “

384 1594 648 1676 descripsit
667 1641 686 1670 ‚
722 1622 849 1678 quas
879 1614 1055 1658 autem
1087 1604 1151 1658 ad
1180 1605 1362 1679 species
1389 1604 1621 1659 botanice
1652 1603 1877 1677 cognitas
1907 1597 2087 1663 referre
2118 1622 2222 1657 non
2249 1602 2430 1661 audeo.

459 1707 515 1744 a.
587 1689 823 1744 Sirium
855 1691 1262 1767 decumanum
1292 1692 1520 1747 album.
1595 1691 1801 1748 Malaice
1820 1683 1921 1745 siri
1945 1691 2164 1765 sextari,
2189 1690 2295 1744 siri
2317 1687 2547 1766 Swang'i‚

379 1773 668 1831 amboinice
698 1777 1006 1833 Ammclaun
1040 1761 1218 1833 Tallan
1259 1779 1404 1847 Pati,
1442 1784 1504 1835 A.
1540 1781 1602 1834 T.
1633 1772 1899 1846 Mamuri‚
1910 1768 1947 1831 i.
1972 1796 2016 1832 e.
2038 1776 2233 1832 Sirium
2259 1780 2544 1851 Magorum,

384 1862 695 1919 Ammelaun
725 1865 849 1920 Nitu
863 1904 880 1933 ‚
916 1865 955 1922 i.
982 1885 1026 1921 e.
1055 1865 1250 1921 Sirium
1282 1866 1631 1932 diabolicum,
1668 1865 1912 1920 ternatice
1947 1866 2131 1938 'l'jacca
2159 1858 2375 1920 Mabido.
2599 1878 2604 1881 ⁴

458 1951 634 2008 Folia
675 1953 1022 2022 substantia,
1070 1954 1429 2024 cordiformia‚
1469 1960 1505 2009 '7
1535 1953 1659 2029 poll.
1689 1951 1838 2027 longa
1854 1991 1872 2022 ‚
1907 1952 2131 2028 lataque,
2172 1950 2394 2007 breviter
2422 1971 2544 2008 acu-

388 2036 586 2092 minata
606 2079 623 2106 .,
673 2032 836 2094 nervis
877 2050 1067 2114 septem
1083 2081 1101 2110 .,
1148 2057 1371 2117 quorum
1418 2042 1520 2097 duo
1563 2042 1837 2117 superiores
1884 2061 2036 2115 supra
2081 2034 2228 2120 basin
2269 2040 2541 2110 oriuntur,
2584 2086 2590 2090 .

385 2135 487 2179 non
520 2140 582 2180 ex
616 2124 761 2198 nigro
791 2125 1009 2180 virentia
1025 2166 1042 2195 ‚
1077 2128 1250 2183 minus
1282 2148 1461 2202 rugosa
1495 2142 1586 2184 nec
1620 2129 1783 2184 odoris
1815 2129 2139 2202 penetrantis,
2213 2129 2394 2183 Rami
2429 2128 2540 2202 gla-

383 2211 570 2268 briores
605 2224 660 2268 et
689 2213 972 2282 viridiores,
1010 2234 1112 2271 uno
1143 2215 1298 2271 latere
1330 2217 1416 2272 hic
1442 2217 1556 2271 illic
1588 2216 1812 2284 amiati,
1847 2216 1968 2270 nodi
1992 2215 2290 2271 radicantes.
2325 2221 2542 2270 Amen·

381 2309 517 2356 tum
548 2303 686 2358 ultra
715 2303 945 2390 digitum
975 2304 1220 2378 longum,
1256 2305 1418 2361 forma
1455 2305 1643 2379 Piperis
1673 2304 1811 2378 longi
1832 2343 1850 2373 ‚
1883 2305 1966 2358 vix
1998 2303 2278 2384 minimum
2309 2303 2539 2378 digitum

382 2401 650 2462 crassum,
688 2411 929 2466 rugosum
948 2431 966 2460 ,
999 2393 1365 2473 granulosum,
1400 2393 1494 2448 diu
1526 2413 1588 2448 ex
1617 2393 1812 2447 cinereo
1843 2392 2039 2460 virens,
2060 2411 2122 2447 ac
2145 2392 2263 2446 dein
2297 2392 2532 2461 luteum,

382 2478 592 2534 tandem
634 2479 847 2549 rubenS,
898 2469 1216 2535 cmolleseens
1230 2519 1248 2551 2
1300 2480 1581 2555 insipidum
1629 2490 1828 2554 praeter
1857 2479 2154 2554 sylvestrem
2177 2478 2533 2566 acrimoniam

380 2569 566 2622 Frutex
594 2579 805 2623 erectus.

450 2648 808 2709 Amboinenses
850 2652 1139 2709 Rhizotomi
1183 2665 1371 2711 veteres
1414 2656 1526 2729 ejus
1563 2654 1731 2710 caules
1761 2652 1930 2710 adhuc
1956 2653 2169 2743 majoris
2184 2649 2391 2718 ,babent
2414 2660 2535 2709 'tan

378 2761 539 2816 quam
576 2741 1013 2814 alexipharmacon
1048 2744 1329 2816 magicum.

451 2830 503 2885 h.
578 2829 863 2884 varietas
908 2830 1061 2884 Sirii
1113 2831 1467 2898 decumani,
1517 2831 1670 2905 cujus
1718 2829 1874 2885 folia
1916 2849 2015 2885 non
2062 2848 2120 2883 ex
2149 2829 2297 2902 nigro
2327 2830 2529 2902 vii-ent,

376 2928 618 2973 amenta
651 2937 748 2972 non
780 2916 922 2973 fusca
954 2920 1040 2995 sed
1065 2909 1202 2986 alba,
1232 2929 1283 2973 et
1305 2938 1397 2993 pro
1427 2939 1541 2974 vero
1564 2919 1892 2979 Ammelaum
1915 2918 2097 2973 Tallan
2129 2916 2249 2972 Pati
2269 2916 2528 2987 habenda,

372 3005 429 3059 in
479 3005 595 3060 altis
643 2998 796 3080 sylvis
843 3006 1099 3075 maxima,
1156 3006 1296 3061 ultra
1342 3006 1521 3100 pedem
1562 3006 1735 3079 longa,
1772 3003 1916 3060 binos
1950 2996 2135 3079 digitos
2166 3019 2368 3073 crassa3
2401 3001 2535 3060 folia·

373 3091 583 3148 minoris
612 3094 747 3149 scuti
780 3094 1138 3169 magnitudine
1153 3134 1171 3164 ‚
1207 3112 1337 3170 quae
1364 3092 1656 3151 inserviunt
1681 3085 1893 3149 latebris
1924 3099 2298 3168 Leguanorum.

452 3265 551 3327 31.
636 3268 966 3329 chaviea
1006 3274 1390 3331 Rafssesfl.
1478 3268 1807 3346 Fruticosa,
1833 3270 2154 3348 scandens,
2182 3271 2345 3332 soliis
2368 3272 2511 3333 lato·

373 3367 656 3449 ellipticis
688 3372 787 3431 vel
819 3372 1561 3458 lato—subovato·ellipticis
1596 3394 1809 3452 parum
1847 3369 2333 3455 inaequilateris,
2373 3375 2511 3438 sub.-

373 3472 600 3547 acutis,
640 3473 767 3533 basi
806 3465 1173 3553 subaequali
1205 3476 1496 3552 cordatis,
1537 3476 2263 3555 rigido-membranaceiS,
2306 3478 2511 3537 multi-

370 3572 722 3653 plinervii-s,
770 3594 957 3655 supra
992 3585 1228 3654 praeter
1262 3578 1433 3638 basin
1465 3580 1638 3655 nervi
1674 3580 1862 3640 medii
1897 3580 2153 3658 glabriS,
2197 3580 2407 3641 subtus
2445 3580 2512 3640 in

370 3694 560 3736 nervo
609 3676 813 3738 medio
829 3723 848 3753 ,
906 3680 1082 3739 costis
1131 3680 1478 3762 petioloque
1526 3684 1851 3744 tenerrime
1901 3684 2217 3761 puberuiis
2234 3730 2252 3759 ‚
2293 3683 2515 3762 stipula

372 3777 704 3839 lanceolata
755 3780 1096 3843 acuminata
1145 3786 1445 3861 coriacea,
1503 3786 2148 3863 carinam-convoluta,
2190 3787 2366 3848 dorso
2401 3805 2515 3864 pu·
2569 3864 2575 3871 x

370 3881 621 3957 berula,
662 3883 916 3942 amentis
919 3928 1043 3944 .....

453 3983 753 4046 Habitat
803 3986 869 4047 in
921 3987 1116 4048 insula
1162 3984 1434 4051 Sumatra
1467 3987 1589 4072 (Sir
1618 3987 1917 4051 Stamford
1950 3989 2193 4051 Raffles!
2236 3990 2301 4049 in
2335 3988 2512 4050 Herb.

374 4083 461 4148 De
494 4086 674 4169 Lesa.)
730 4077 746 4109 ³

443 4190 746 4245 Chavicae
775 4192 1158 4267 maJ’usculae
1188 4192 1415 4265 proxime
1444 4193 1642 4261 affinis,
1680 4192 1812 4247 foliis
1840 4201 2012 4246 autem
2050 4212 2133 4265 per
2162 4201 2329 4246 totam
2356 4191 2515 4265 longi-

375 4277 612 4334 tudinem
659 4279 930 4336 latioribus
946 4320 963 4349 ‚
1013 4279 1118 4335 basi
1151 4280 1252 4336 fere
1282 4281 1562 4356 acqualiter
1592 4281 1839 4356 profunde
1868 4281 2114 4348 cordam,
2144 4280 2331 4335 vsubtus
2359 4279 2517 4355 pube·

372 4364 523 4436 ralis,
549 4368 697 4425 costis
731 4390 763 4427 a
794 4369 901 4426 basi
934 4369 1284 4425 remotioribus
1309 4368 1603 4423 luculenter
1619 4368 1823 4422 diversa.
1869 4371 2011 4420 Ram
2025 4367 2117 4422 uli
2144 4366 2300 4421 validi
2324 4368 2515 4436 nodofi,

2114 4461 2161 4498 ια
