3153 5134
1476 391 1611 454 259

454 583 577 665 poll.
604 585 780 664 longa,
823 590 896 660 25
935 586 1069 657 lata,
1101 587 1264 655 acria,
1299 606 1458 661 paene
1492 587 1722 657 urentia,
1756 587 1862 643 fere
1904 590 1981 646 uti
2022 586 2278 644 Beteles.
2351 592 2609 650 Amenta

451 677 628 748 (fem.)
670 686 864 744 erecta,
909 674 1131 749 digitum
1176 675 1430 731 minorem
1473 675 1554 730 vel
1597 676 1741 732 binos
1782 676 2021 733 articulos
2064 696 2285 751 magna,
2328 697 2607 757 parumper

456 763 697 830 incurva,
732 763 927 818 intense
958 763 1166 831 viridia,
1202 773 1255 818 et
1281 763 1558 820 Siriboae
1588 765 1708 820 adeo
1738 766 1952 834 similia,
1990 776 2055 822 ut
2082 766 2241 822 multi
2272 787 2361 841 pro
2390 768 2486 824 hac
2516 771 2607 826 ha-

451 851 639 920 beant,
690 850 815 906 licet
858 850 1054 906 Siriboa
1097 852 1163 906 sit
1206 851 1374 906 multo
1419 852 1617 926 longior
1666 872 1755 908 nee
1799 864 1944 908 extus
1991 856 2066 909 ita
2109 873 2300 927 rugosa.
2374 857 2600 913 Tandem

452 949 700 995 amenta
731 938 1033 1006 rubescunt,
1068 939 1245 994 mollia
1278 939 1421 994 fiunt
1451 939 1524 995 ita
1554 949 1617 994 ut
1646 940 1820 1014 digitis
1849 940 2099 1014 confringi
2128 953 2345 1016 queant,
2382 956 2596 1018 gerunt*

446 1043 551 1102 que
587 1025 643 1080 in
673 1025 820 1079 molli
851 1036 902 1079 et
932 1025 1222 1080 rubescente
1247 1045 1456 1093 carne,
1495 1025 1666 1081 multa
1699 1027 1827 1081 dura
1858 1028 2162 1101 nigricantia
2197 1048 2414 1102 grana,
2457 1043 2599 1089 tum·

448 1133 553 1188 que
594 1113 715 1167 haec
748 1116 886 1167 earo
917 1113 1082 1168 dulcis
1109 1124 1208 1180 oet,
1246 1113 1509 1186 granula
1541 1133 1659 1169 vero
1687 1114 1905 1182 fervida,
1940 1115 2103 1184 acria3
2141 1116 2323 1171 viridia
2354 1137 2383 1172 e
2413 1131 2590 1175 contra

449 1202 693 1256 acerrima
735 1213 886 1272 sunt3
925 1221 1080 1278 quare
1122 1203 1405 1256 immatura
1442 1211 1651 1256 amenta
1687 1204 1935 1276 carpenda
1972 1214 2097 1258 sunt
2136 1214 2289 1278 atque
2322 1206 2384 1260 ad
2426 1208 2597 1264 locum

451 1290 533 1345 vel
573 1291 734 1346 solem
776 1291 1094 1358 exsiccanda,
1122 1309 1222 1364 quo
1262 1290 1547 1344 durescunt.
1580 1301 1632 1344 et
1660 1291 1914 1345 cinereum
1952 1291 2170 1346 colorem
2210 1292 2597 1366 adipiscuntur,

448 1379 602 1453 quale
645 1380 790 1452 Piper
833 1378 1042 1451 longum
1089 1380 1144 1431 in
1191 1376 1613 1449 Pharmacopoliis
1656 1388 1834 1435 exstat.
1879 1411 1951 1419 —-
1997 1379 2354 1435 Amboinenses
2383 1381 2445 1437 iis
2483 1402 2597 1437 raro

445 1476 697 1536 utuntur,
727 1467 811 1522 sed
843 1467 1167 1541 Maleyenses,
1203 1465 1384 1521 Javani
1415 1475 1468 1519 et
1498 1464 1789 1539 Baleyenses
1822 1464 2117 1540 frequenter
2135 1468 2520 1525 medicamentis
2537 1472 2594 1528 id

445 1553 748 1622 admiscent,
792 1562 968 1608 contra
1004 1552 1256 1619 tormina,
1298 1552 1457 1606 flatus
1505 1571 1534 1606 e
1571 1551 1754 1626 frigore
1782 1563 1836 1608 et
1869 1573 2018 1608 muco
2047 1564 2207 1622 ortos,
2234 1566 2286 1609 et
2317 1555 2595 1630 unguentis

445 1651 620 1696 contra
659 1640 931 1715 paralysin.
1004 1640 1165 1694 Mauri
1205 1658 1352 1712 parca
1390 1639 1496 1693 dosi
1539 1639 1604 1693 ad
1647 1640 1889 1714 genitalia
1929 1641 2195 1695 excitanda
2238 1642 2365 1696 cibis
2402 1646 2591 1700 admis-

441 1737 579 1782 cent.
611 1758 685 1769 —-—
718 1727 1000 1782 Caulium
1028 1737 1197 1781 cortex
1226 1728 1282 1782 in
1306 1727 1527 1781 cinerem
1557 1728 1789 1783 redactus
1817 1739 1984 1783 atram
2014 1729 2175 1784 bilem
2203 1733 2441 1805 expellit,
2476 1735 2590 1790 vul·-

447 1814 656 1869 ncribus
676 1815 931 1869 venenatis
959 1815 1172 1888 aliisque
1202 1813 1353 1869 malis
1381 1814 1634 1872 medetur.

518 1908 581 1957 In
613 1907 647 1958 J
655 1922 764 1958 ava
796 1902 963 1957 insula
993 1913 1161 1957 nostro
1190 1911 1414 1975 tempore
1444 1903 1656 1958 eandem
1687 1905 1892 1960 omnino
1920 1906 2128 1980 stirpem
2158 1906 2221 1961 ad
2252 1907 2428 1981 Piper
2455 1909 2584 1965 lon-

438 2009 584 2063 gum
609 1988 713 2044 off.
739 1989 1081 2064 colligendum
1108 1989 1226 2056 coli,
1255 2003 1451 2042 numm
1477 1990 1827 2045 testimonium
1857 2002 1910 2046 et
1932 1993 2086 2066 stirps
2104 1993 2171 2047 ab
2194 2013 2250 2048 eo
2272 1993 2364 2048 hoc
2386 1997 2589 2052 nominc

440 2077 686 2152 descripta
721 2079 918 2133 docent.
952 2109 1025 2118 —-
1058 2081 1286 2132 Frutex
1321 2076 1561 2131 altissime
1593 2077 1791 2132 arbores
1822 2079 2152 2148 adscendens,
2188 2081 2426 2153 pollicem
2457 2101 2587 2139 cras-

437 2185 548 2234 sus,
596 2166 827 2233 nodosus,
873 2165 1170 2220 internodiis
1210 2165 1466 2232 flexuosiS,
1502 2165 1799 2238 junioribus
1842 2166 2119 2234 striulatis,
2162 2168 2303 2223 nodis
2345 2170 2585 2240 tumidiS,

440 2255 731 2310 verrucosis.
802 2255 974 2310 Folia
1003 2253 1189 2309 inferi
1200 2272 1296 2307 ora
1325 2253 1493 2307 multo
1519 2253 1719 2326 longius
1744 2254 2007 2326 petiolata,
2042 2255 2206 2328 magis
2229 2266 2406 2324 ovata,
2440 2275 2586 2330 supe·

438 2343 658 2398 rioribus
694 2353 867 2398 tamen
907 2342 1155 2409 breviora,
1198 2340 1454 2415 petiolis
1491 2338 1600 2394 basi
1638 2339 1877 2414 utrinque
1905 2340 2146 2412 stipula
2178 2341 2389 2397 decidua
2421 2363 2586 2399 mem·

437 2429 681 2486 branacea
694 2471 711 2499 ,
762 2431 1082 2505 superiorum
1130 2428 1366 2484 foliorum
1413 2427 1517 2482 fere
1561 2428 1626 2483 ad
1675 2429 1867 2502 apicem
1914 2447 2074 2502 usque
2121 2429 2360 2504 utrinque
2405 2431 2584 2487 auctiS.

437 2517 701 2573 Illorum
727 2516 951 2572 laminae
974 2526 1150 2573 ovatae
1173 2516 1392 2572 breviter
1420 2514 1763 2583 acuminatae,
1801 2515 2043 2590 utrinque
2071 2517 2220 2571 costis
2246 2522 2420 2587 3-4,
2457 2538 2583 2594 qua·

436 2626 558 2662 rum
578 2605 782 2660 ‘infima
818 2623 937 2659 cum
962 2623 1112 2658 nervo
1150 2604 1314 2657 medio
1347 2621 1375 2656 e
1397 2603 1505 2657 basi
1542 2612 1681 2670 orta,
1707 2608 1742 2657 6
1776 2612 1909 2658 cent.
1943 2604 2142 2676 longae,
2180 2609 2254 2668 3}
2288 2604 2451 2673 latae,
2486 2617 2583 2662 aut

443 2696 873 2769 ovato-oblongae,
912 2696 982 2757 '75-
996 2693 1196 2765 longae,
1229 2695 1267 2745 4
1282 2691 1441 2757 latae,
1457 2690 1607 2744 costis
1635 2689 1879 2763 utrinque
1892 2692 1956 2757 43
1975 2699 2067 2743 aut
2094 2687 2336 2763 oblongae
2365 2690 2585 2748 breviter

436 2782 781 2849 acuminatae,
812 2781 917 2835 basi
943 2780 1248 2854 inaequales,
1279 2778 1429 2833 costis
1457 2778 1697 2851 utrinque
1724 2782 1786 2843 5,
1819 2781 1889 2831 13
1920 2785 2055 2831 cent.
2084 2775 2289 2850 longae,
2320 2784 2395 2844 55-
2422 2780 2580 2852 latae3

435 2888 756 2944 supremae
785 2869 1024 2943 oblongae
1059 2872 1130 2922 18
1163 2876 1296 2921 cent.
1331 2865 1535 2938 longae,
1575 2868 1610 2917 7
1641 2863 1795 2929 latae,
1818 2861 1925 2916 basi
1939 2863 2114 2935 paullo
2127 2875 2381 2921 contracta
2396 2879 2576 2924 rotun·-

433 2957 553 3011 data
583 2957 933 3033 subaequalae,
970 2957 1109 3029 apice
1133 2954 1350 3009 breviter
1373 2951 1721 3017 acuminatae,
1747 2949 1893 3003 costis
1922 2950 2164 3026 utrinque
2191 2951 2292 3006 fere
2322 2958 2356 3007 '7
2381 2957 2577 3030 (excep-

434 3045 504 3100 tis
537 3050 574 3101 2
605 3046 943 3101 subtilissimis
972 3045 1197 3099 nei-vulis
1230 3042 1294 3097 ad
1324 3041 1491 3111 basin)
1522 3056 1745 3113 quarum
1775 3036 1981 3092 inferior
2008 3056 2036 3091 e
2064 3038 2202 3106 basi,
2239 3059 2445 3115 sequens
2476 3042 2576 3097 for-

433 3132 536 3187 tior
577 3133 751 3207 paullo
788 3153 938 3205 supra
971 3133 1115 3187 basin
1155 3131 1348 3198 oritur,
1393 3126 1649 3181 inferiores
1687 3136 1849 3180 costae
1884 3125 2256 3200 suboppositae,
2299 3129 2575 3202 superiores

433 3220 680 3289 alternae,
724 3240 895 3275 omnoe
937 3239 1105 3275 versus
1141 3218 1389 3291 margines
1427 3213 1523 3269 sub
1560 3212 1749 3286 angulo
1788 3223 1937 3268 acuto
1963 3215 2210 3281 tendunt,
2243 3226 2295 3269 et
2335 3216 2573 3291 inprimis

429 3326 530 3363 non
558 3308 739 3381 procul
767 3326 798 3361 a
827 3306 1140 3380 marginibus
1167 3302 1562 3360 anastomosibus
1599 3300 1916 3374 regularibus
1946 3311 2092 3356 extus
2119 3302 2348 3357 convexis
2380 3305 2570 3359 uniun-

425 3404 534 3451 tur.
604 3399 793 3449 Nervus
822 3395 1039 3459 medius,
1067 3394 1360 3466 praesertim
1392 3392 1444 3444 in
1479 3388 1613 3455 foliis
1639 3387 1928 3462 junioribus
1962 3387 2144 3443 subtus
2178 3389 2425 3459 rubescit,
2460 3412 2563 3447 cos-

428 3490 613 3553 taeque
654 3484 956 3555 prominent.
1028 3483 1211 3555 Pagina
1255 3490 1475 3552 utraque
1513 3476 1808 3543 subnitens,
1850 3476 2057 3530 inferior
2098 3476 2570 3551 pallescenti—grisea

427 3568 760 3624 subtilissime
791 3569 1300 3642 albido-punctulata.
1373 3570 1477 3619 Am
1489 3575 1630 3619 enta
1661 3563 1797 3618 foliis
1830 3562 2163 3637 superioribus
2198 3565 2444 3639 opposita,
2478 3587 2572 3639 pe-

429 3655 723 3710 dunculis
771 3654 1094 3728 pollicaribus
1136 3654 1242 3708 basi
1287 3652 1540 3726 paulisper
1583 3649 1868 3704 incrassatis
1915 3660 2138 3703 sustenta
2152 3689 2170 3718 ,
2223 3651 2380 3707 dioica
2394 3692 2412 3721 ,
2464 3652 2570 3709 sere

424 3743 768 3817 bipollicaria3
813 3744 1079 3798 feminea
1121 3741 1422 3817 cylindrica,
1466 3739 1669 3803 obtusa,
1713 3737 1971 3791 calamum
2013 3738 2336 3811 scriptorium
2378 3759 2571 3809 massa,

428 3841 634 3887 matura
672 3832 957 3887 rubicunda
995 3851 1053 3886 ac
1091 3830 1393 3886 succulenta.
1464 3827 1671 3882 Flores
1706 3825 2005 3881 densissimi.
2078 3831 2367 3882 Bracteae
2402 3830 2565 3903 pelta·

425 3930 539 3988 tae,
575 3920 714 3995 pelta
747 3919 1086 3985 subrotunda,
1123 3918 1352 3991 margine
1387 3914 1783 3969 membranacea.
1856 3912 2148 3967 Ovarium
2184 3914 2566 3988 subglobosum‚

425 4008 574 4062 initio
602 4019 771 4063 totum
799 4007 896 4063 sub
922 4007 1122 4061 bractea
1146 4004 1488 4071 reconditum3
1517 4000 1919 4074 stigmatibus
1944 4007 1976 4055 3
2003 4001 2295 4073 cuspidatiS.
2337 4006 2566 4059 Baccae

419 4105 692 4165 connatae3
727 4116 927 4151 semen
955 4094 1346 4166 (immaturum)
1372 4090 1559 4164 pallide
1582 4088 1899 4155 brunneum,
1934 4087 2380 4161 ovali-globosum,
2416 4090 2564 4146 alhu-

422 4183 565 4238 mine
593 4183 909 4258 pulveraceo,
944 4178 1140 4236 sacculo
1167 4176 1482 4252 embryonali
1511 4177 1791 4249 deplanato.

492 4270 646 4327 Plura
687 4272 792 4327 alia
834 4270 994 4345 hujus
1034 4267 1204 4341 stirpis
1245 4265 1516 4339 specimina
1555 4264 1868 4331 examinavi,
1912 4263 1965 4316 in
2010 4266 2158 4317 Java
2197 4262 2366 4318 insula
2410 4265 2563 4336 lecta,

412 4374 544 4431 quae
576 4358 789 4415 omnino
825 4366 1133 4433 congruunt.
1206 4354 1266 4410 Id
1302 4365 1475 4410 tamen
1506 4371 1766 4420 moneam,
1802 4351 1864 4406 ‹le
1894 4350 2203 4424 quibusdam
2233 4353 2557 4411 observatum

2063 4453 2109 4493 ιτ
2125 4460 2156 4493 ιι-
