3153 5134
1534 300 1673 371 296

540 526 594 574 et
626 509 1005 589 cotyledonibus
1031 507 1225 566 obtusis
1251 503 1424 568 crassis
1444 499 1735 576 praeditum
1761 497 2059 554 includente
2080 501 2200 569 (sec.
2229 516 2363 573 spec.
2383 500 2564 578 javan.
2594 502 2696 559 m».

544 610 619 659 Lu
689 642 706 657 .
736 605 845 654 Bat.
1403 603 1407 607 '

616 602 695 745 gil.
744 602 914 739 melin
960 681 1325 737 varietatem
1358 674 1621 742 distinxit,
1656 673 1742 728 sed
1774 672 1857 727 vix
1888 682 2236 728 constantem:
2273 672 2413 729 foliis
2443 673 2694 731 interiori·

541 776 642 831 bus
665 775 774 829 basi
806 770 1007 846 aequali
1031 766 1341 832 rotundam,
1377 763 1718 837 superioribus
1745 760 2279 835 oblongo-lanceolatis
2309 781 2462 835 supra
2491 762 2695 821 scabris.

621 861 878 918 Habitat
907 857 962 911 in
999 854 1168 909 insula
1197 856 1353 907 Nassa
1385 849 1720 921 Kambangan
1753 849 1985 919 (Blumek
2015 850 2071 904 in
2101 849 2252 905 Herb.
2283 854 2339 906 L.
2370 852 2454 920 B.)

621 949 754 1004 Huic
796 944 947 999 folia
975 952 1098 997 sunt
1128 938 1402 994 admodum
1435 936 1818 991 membranacea
1839 976 1855 991 .
1886 937 2109 1010 pallida,
2144 938 2202 992 in
2235 938 2418 1013 pagina
2445 937 2698 1013 superiore

547 1035 885 1111 glaberrima‚
922 1028 1181 1096 scabrida.
1214 1025 1607 1098 ovato-elliptica
1625 1061 1643 1090 ‚
1678 1022 1976 1079 acuminata
1992 1063 2010 1091 ‚
2046 1024 2153 1079 basi
2190 1036 2341 1080 acuta
2368 1036 2463 1081 aut
2506 1025 2696 1082 subcu-

549 1132 698 1179 ncata
747 1117 1009 1193 aequalia,
1058 1112 1408 1187 triplinervia,
1442 1109 1632 1164 additis
1665 1109 1731 1163 ad
1761 1108 1901 1163 basin
1937 1110 2135 1166 duobus
2161 1111 2472 1167 tenuissimis
2493 1114 2690 1182 nervis,

550 1225 713 1264 unam
748 1204 957 1259 tertiam
988 1199 1210 1255 laminae
1235 1206 1437 1271 panem
1458 1194 1890 1269 percurrentibus.
1959 1196 2101 1253 Folia
2126 1197 2321 1271 majora
2348 1197 2455 1253 fere
2486 1200 2697 1273 quintu-

548 1292 815 1369 plinervia.
850 1292 967 1362 (sec.
999 1306 1077 1362 sp.
1102 1286 1224 1356 cit.)

627 1483 915 1541 Adnotatio
958 1482 1014 1537 1.
1096 1479 1273 1553 Piper
1314 1475 1606 1532 caninum
1656 1487 1850 1532 numm.
1884 1474 1923 1531 l.
1951 1493 1998 1531 c.
2042 1471 2223 1549 paullo
2254 1474 2478 1531 dubium·
2504 1486 2700 1535 nostrae

556 1573 736 1648 speciei
776 1585 1108 1645 synonymon.
1193 1566 1425 1622 Auctoris
1470 1564 1639 1637 figura
1676 1582 1779 1617 non
1810 1574 2044 1618 accurate
2072 1565 2208 1637 picta
2233 1563 2434 1619 videtur
2462 1564 2699 1638 inprimis

553 1658 715 1735 quoad
747 1675 933 1712 nervos.
1003 1661 1222 1709 Amenta
1249 1655 1404 1708 etiam
1430 1671 1488 1706 ex
1516 1665 1745 1705 nummo
1775 1651 2002 1725 longiora
2023 1662 2144 1707 sunt
2174 1672 2331 1728 quam
2354 1652 2412 1707 in
2429 1652 2705 1728 specimine

553 1746 849 1802 BlumeanO.
920 1740 1059 1798 Cont'.
1088 1745 1417 1795 Comment.
1443 1739 1723 1813 phytogr.
1753 1756 1805 1811 p.
1839 1733 1931 1797 21.

628 1831 915 1887 Adnotatt‘o
948 1832 1027 1885 ΙΙ.
1100 1828 1274 1900 Piper
1300 1831 1607 1902 sylvestre
1633 1825 1740 1883 Hb.
1768 1830 1992 1901 Heyne!
2025 1828 2166 1883 band
2184 1828 2421 1903 equidem
2446 1822 2728 1885 diversum'

553 1931 677 1996 puto
716 1938 746 1972 a
780 1916 978 1989 stirpe
1005 1933 1183 1969 masc.
1214 1918 1267 1968 C.
1299 1912 1571 1969 caninae.
1653 1914 1897 1968 Remuli
1924 1915 2266 1990 petiolique
2291 1920 2480 1971 saltem
2507 1916 2706 1972 danius

552 2006 684 2062 hirti
711 2014 765 2059 et
793 2012 1040 2058 amenta
1066 2001 1303 2056 florentia
1334 2000 1591 2074 longiora,
1629 2005 1665 2056 8
1694 2011 1830 2057 cent.
1858 2002 2024 2075 longa.

628 2093 917 2147 Adnotatio
969 2091 1076 2143 ΙΙΙ.
1162 2092 1293 2143 Num
1348 2087 1452 2142 bue
1503 2087 1662 2143 etiam
1722 2088 1897 2162 Piper
1949 2090 2254 2164 sylvestre
2305 2103 2547 2146 tumtun.
2609 2088 2700 2145 m.

553 2178 877 2236 cochineh.
925 2175 1012 2231 ed.
1057 2190 1320 2231 munau.
1352 2178 1515 2230 Tom.
1547 2179 1591 2230 Ι.
1624 2194 1674 2248 p.
1703 2179 1820 2230 38?
1856 2180 2139 2232 Prasoou?
2173 2180 2424 2251 Synops.
2451 2180 2493 2232 1.
2525 2195 2579 2250 p.
2607 2179 2702 2233 31.

552 2269 874 2340 aliorumq.
909 2282 1023 2320 auc
1033 2275 1072 2319 t.
1106 2292 1179 2307 —·
1215 2262 1407 2317 »Foliis
1427 2261 1891 2318 ovato-lanceolatis
1914 2264 2351 2339 quinquenerviis,
2373 2263 2523 2338 spicis
2551 2264 2702 2321 rectis

553 2351 1057 2409 subterminalibus.”
1092 2383 1164 2397 —
1200 2349 1451 2405 »caulis
1494 2349 1769 2406 fruticosus
1815 2351 2055 2407 scandens
2100 2353 2270 2407 tenuis
2297 2361 2425 2407 teres
2455 2370 2699 2409 ramosus»

554 2441 729 2498 Folia
790 2438 1036 2509 oblonga..
1102 2436 1210 2491 basi
1272 2435 1646 2491 subrotundata
1661 2476 1678 2503 ‚
1742 2438 1882 2511 apice
1930 2449 2081 2493 acuta
2097 2475 2115 2505 ,
2164 2440 2316 2514 plana
2361 2439 2701 2515 quinquener-

552 2533 637 2586 via
674 2545 849 2585 venosa
866 2565 884 2593 ‚
936 2526 1164 2595 alterna,
1216 2525 1421 2599 glabra,
1475 2523 1734 2598 petiolata.
1820 2526 2120 2582 Baeculae
2156 2536 2331 2583 ovatae
2363 2526 2550 2583 rubrae
2585 2525 2704 2582 sub-

554 2619 767 2675 soesiles:
822 2614 1006 2688 spicis
1053 2611 1531 2681 subterminalibus‚
1555 2611 1873 2682 -linearibus,
1918 2612 2082 2687 longis
2111 2614 2278 2670 rectis.
2348 2613 2506 2690 Calyx
2536 2623 2594 2669 et
2620 2632 2702 2672 co-

554 2706 684 2762 rolla
704 2703 892 2759 nulli.'’

633 2791 933 2847 »Habitat
972 2790 1029 2844 in
1072 2786 1229 2864 sylvis
1274 2787 1671 2857 Cochinchinae,
1720 2787 1787 2843 ad
1836 2788 2046 2844 nullum
2096 2809 2280 2859 usum,
2315 2809 2469 2866 quem
2508 2790 2702 2861 sciam,

552 2904 583 2938 a
617 2889 785 2937 tum.’'

583 2903 906 3042 P»Suspicor
931 2964 1064 3020 idem
1094 2982 1195 3019 esse
1219 2963 1396 3036 Piper
1419 2963 1709 3019 caninum
1739 2977 1933 3020 nuum.
1964 2964 2135 3020 Amb.
2163 2968 2206 3021 1.
2238 2965 2378 3021 Tab.
2401 2970 2493 3022 28.
2522 2965 2626 3040 fig.
2651 2971 2708 3022 2.

560 3053 837 3128 Descriptio
880 3060 934 3106 et
979 3050 1144 3105 forma
1188 3050 1351 3123 spicae
1378 3050 1502 3105 satis
1535 3049 1803 3104 cohaerent
1833 3069 1956 3104 cum
1989 3051 2209 3119 nostris3
2246 3051 2368 3105 folia
2399 3062 2573 3108 autem
2603 3072 2707 3110 non

562 3145 669 3208 ita3
718 3138 854 3214 quod
904 3137 961 3191 in
1007 3137 1189 3191 multis
1226 3137 1387 3190 tribui
1417 3146 1580 3210 potest
1609 3135 1859 3192 infaustae
1897 3138 2160 3193 oculorum
2190 3137 2397 3194 orbitati
2418 3177 2437 3207 9
2468 3159 2599 3214 quae
2625 3159 2710 3196 ac·

557 3236 735 3283 curato
776 3223 979 3279 authori
1021 3242 1127 3277 non
1173 3223 1408 3296 permisit
1453 3223 1658 3278 tabulas
1685 3223 1752 3278 ab
1778 3224 1880 3279 alio
1905 3225 2065 3297 pictas
2092 3226 2305 3300 propriis
2330 3226 2492 3282 oculis
2516 3228 2707 3284 exami-

559 3320 731 3370 nare.”
802 3317 1060 3367 Lanuuio
1092 3310 1132 3366 l.
1160 3329 1207 3366 c.
1385 3367 1391 3373 ,

639 3407 715 3458 Ex
763 3387 1087 3456 sruucsuo
1119 3397 1239 3452 haec
1265 3397 1449 3472 species
1477 3397 1637 3453 etiam
1680 3397 1738 3452 in
1782 3397 1966 3453 insulis
2009 3398 2365 3469 Mascarhenis‚
2411 3401 2713 3478 Philippinis

566 3499 696 3544 caet.
738 3495 994 3542 cresceret.
1079 3484 1175 3540 Vix
1218 3483 1442 3539 dubium
1478 3485 1682 3538 videtur
1709 3484 1774 3538 ad
1809 3483 1905 3539 boc
1936 3504 2098 3558 genus
2126 3488 2372 3560 pertinere
2406 3498 2459 3543 et
2499 3489 2716 3549 ulterius

567 3576 669 3631 erit
712 3570 1076 3647 explorandum
1091 3607 1109 3638 ‚
1160 3589 1228 3623 an
1272 3589 1441 3624 revera
1490 3569 1778 3644 quibusque
1811 3562 1946 3626 notis
1975 3591 2008 3627 a
2044 3573 2244 3629 Cubeba
2278 3575 2460 3631 canina
2493 3577 2714 3636 differat.

566 3666 715 3716 Certo
742 3667 918 3713 autem
947 3655 1117 3731 plures
1142 3656 1235 3712 hoc
1265 3657 1472 3712 nomine
1499 3654 1681 3729 species
1710 3657 1944 3713 confusae
1971 3669 2110 3714 sunt.
2161 3662 2302 3716 Conf.
2333 3683 2386 3738 p.
2418 3669 2546 3724 314.

655 3857 715 3919 7.
798 3855 1110 3917 cubebo
1150 3858 1480 3929 Lowong
1514 3853 1661 3935 Miq.
1708 3853 2023 3919 Commeat.
2046 3860 2214 3940 phys.
2237 3883 2304 3942 p.
2341 3862 2441 3924 33.
2524 3866 2716 3948 Piper

577 3959 831 4023 Blume!
869 3959 941 4015 in
991 3956 1164 4017 Verh.
1211 3956 1427 4017 Batav.
1471 3957 1741 4019 Genoots.
1786 3958 1937 4019 Tom.
1974 3961 2030 4021 I.
2052 3982 2122 4041 p.
2164 3963 2299 4026 161.
2377 3965 2599 4029 Enum.
2621 3968 2712 4050 pt.

577 4065 773 4123 Juvae
791 4062 959 4143 fasc.
991 4059 1048 4118 Ι.
1072 4078 1140 4137 p.
1176 4057 1273 4119 72.
1356 4057 1659 4120 Fruticosa
1693 4061 2010 4140 scandens,
2050 4063 2210 4125 foliis
2241 4067 2717 4132 membranaceis

579 4160 1400 4243 subpellucidoepunctulatis
1418 4205 1435 4234 ,
1494 4160 1884 4224 inferioribus
1932 4167 2405 4248 ovato-oblongis
2443 4171 2573 4232 basi
2618 4192 2715 4234 ae·

581 4265 751 4348 quali
805 4261 1173 4340 rotundatis,
1230 4263 1643 4345 superioribus
1682 4262 2315 4348 oblongo-lanceolatis
2326 4316 2346 4349 ,
2405 4274 2713 4356 quinque-
