3153 5134
1498 318 1534 379 7

438 525 822 594 abortivum.
885 524 1235 591 Amentum
1273 520 1342 588 in
1380 521 1499 588 hae
1535 519 1731 588 Tribu
1770 521 2276 612 oppositifolium
2310 540 2405 594 est
2440 529 2566 595 axis

439 643 788 714 terminalis
821 642 1074 724 finituS,
1110 663 1310 733 quare
1338 639 1661 709 nascentia
1698 653 1957 707 amenta
1990 642 2203 731 primo
2238 645 2435 712 situm
2472 660 2570 714 te-

438 778 602 833 nent
652 777 973 845 erectum,
1038 761 1190 830 dein
1211 813 1232 848 ‚
1291 761 1692 829 increscente
1725 760 1823 828 axi
1876 762 2121 830 laterali
2172 764 2529 854 vegetativo
2548 818 2564 846 ‚

441 885 525 953 ad
577 886 742 952 latus
787 883 1151 973 divergunt.
1261 882 1424 950 Hinc
1461 881 1658 949 etiam
1706 881 2093 974 intelligitur
2127 883 2566 953 internodium

438 1027 515 1073 eo
564 1005 762 1071 latere
812 1025 944 1092 quo
993 1015 1333 1069 amentum
1375 1014 1507 1082 est,
1554 1001 1867 1069 sulcatum
1904 1002 2003 1069 vel
2038 1003 2304 1092 planum
2334 1026 2463 1071 esse
2495 1028 2571 1072 ex

437 1123 677 1190 amenti
724 1122 1062 1211 pressione.
1109 1158 1202 1175 —
1247 1120 1524 1205 Quando
1571 1119 1762 1188 flores
1814 1143 1923 1188 seu
1965 1144 2106 1188 axes
2122 1121 2401 1190 ,floriferi
2434 1147 2569 1192 non

440 1241 883 1323 efformantur,
914 1263 1184 1338 gemma
1212 1240 1562 1310 terminalis
1592 1240 1913 1308 ramulum
1948 1241 2187 1309 format
2214 1242 2298 1309 ab
2334 1243 2571 1310 axillari

445 1362 646 1452 (nunc
680 1360 1022 1450 terminali)
1059 1362 1145 1429 ad
1168 1362 1336 1430 latus
1369 1361 1698 1451 repulsum
1720 1412 1737 1441 ,
1774 1362 1947 1428 unde
1981 1344 2353 1430 dichotoma
2388 1361 2567 1453 Pipe-

446 1503 703 1548 rearum
738 1480 1145 1550 ramificatio.
1334 1567 1338 1571 ⁴
1856 1561 1864 1568 ,

534 1602 627 1667 De
676 1599 961 1666 caulium
1007 1614 1424 1668 structura
1461 1599 1905 1667 anatomiea
1941 1621 2014 1664 ea
2048 1599 2355 1666 indicasse
2387 1600 2578 1667 suffi-

441 1718 615 1811 ciat,
677 1739 845 1806 quae
890 1716 988 1784 his
1035 1717 1276 1806 plantis
1323 1717 1582 1808 propria
1633 1730 1806 1784 sunt.
1908 1719 1988 1782 In
2042 1715 2403 1784 universum
2440 1719 2581 1807 jam

440 1835 615 1905 inter
662 1835 999 1904 botanicos
1047 1850 1302 1905 constat
1320 1888 1337 1918 ,
1385 1836 1596 1904 caules
1629 1858 1757 1903 esse
1788 1858 2100 1926 exegenos
2120 1887 2137 1916 ,
2184 1838 2296 1903 sed
2329 1836 2581 1927 lignum

449 1956 520 2023 in
571 1968 768 2023 strata
814 1944 1228 2022 concentrica
1275 1956 1558 2045 perfecta
1609 1955 1789 2022 haud
1846 1977 1975 2021 esse
2025 1954 2292 2022 divisum
2314 2007 2330 2036 ,
2393 1955 2586 2023 radiis

399 2130 406 2136 .
448 2093 668 2146 tamen
717 2075 1178 2145 medullaribus
1226 2077 1398 2143 bene
1448 2074 1771 2143 distinctis
1819 2074 1888 2141 in
1940 2088 2268 2165 segmenta
2319 2076 2539 2145 fissum
2562 2128 2580 2158 ‚

447 2197 770 2286 fibrasque
791 2195 1032 2285 ligneas
1055 2219 1294 2286 sparsas
1311 2176 1682 2264 inordinate
1700 2217 1818 2284 per
1842 2195 2195 2284 medullam
2218 2196 2578 2266 decurrere.

449 2319 617 2384 Haec
646 2315 1173 2384 conformationis
1206 2316 1370 2384 ratio
1402 2330 1535 2382 tam
1566 2315 1638 2382 in
1670 2313 2001 2382 herbaceis
2029 2338 2225 2405 quam
2257 2315 2325 2381 in
2356 2315 2583 2407 xylinis

445 2434 776 2526 speciebus
801 2434 1082 2505 obtinet.
1171 2434 1464 2502 Pluribus
1492 2434 1579 2502 de
1612 2433 1713 2500 his
1744 2434 1846 2525 egi
1881 2434 1952 2500 in
1985 2437 2233 2503 Comm.
2260 2437 2575 2527 phytogr.

435 2580 510 2645 p.
558 2560 603 2624 3
644 2579 798 2643 seq„
845 2569 914 2623 et
943 2555 1056 2646 qui
1090 2555 1276 2646 plura
1312 2554 1462 2650 velit
1482 2606 1500 2637 ,
1548 2553 1747 2623 libros
1790 2554 2271 2646 phytotomicos
2300 2580 2577 2623 cannot.-

451 2701 586 2756 mu,
661 2698 1037 2757 mavilum,
1110 2699 1346 2763 ungam
1397 2689 1468 2743 et
1519 2697 1989 2741 Gaumcnaunn
2038 2675 2303 2743 evolvat.
2410 2679 2580 2745 Haec

449 2796 905 2864 tantummodo
929 2794 1037 2863 hic
1061 2816 1395 2862 moneam:
1441 2796 1520 2858 In
1551 2791 1796 2860 ramulo
1827 2792 2050 2860 bienni
2084 2796 2181 2860 Pe
2190 2815 2377 2883 pero
2392 2794 2580 2867 miae

448 2914 1134 3006 magnoliaefoliae
1177 2936 1298 2981 nec
1330 2935 1473 2981 vera
1501 2910 1788 2979 medulla
1819 2934 1940 2979 nec
1968 2926 2167 2980 strata
2195 2912 2408 3003 lignea
2440 2915 2578 2983 dis-

449 3034 799 3125 tiguuntur
815 3085 833 3116 ,
895 3035 1009 3103 sed
1060 3038 1146 3103 25
1192 3032 1449 3102 circiter
1497 3031 1781 3099 fasciculi
1828 3032 2262 3123 irregulariter
2278 3084 2295 3116 ,
2359 3034 2457 3103 vix
2508 3035 2579 3103 in

444 3153 702 3222 circulis
716 3206 734 3236 ,
765 3153 1053 3243 dispositi
1081 3176 1360 3244 quorum
1395 3153 1734 3223 exteriores
1771 3157 1813 3221 9
1845 3152 2202 3236 crassiores,
2245 3153 2578 3225 interiores

448 3272 678 3341 sensim
727 3272 1044 3341 tenuiores
1063 3324 1080 3354 ,
1127 3272 1197 3339 in
1242 3272 1439 3342 caulis
1480 3285 1707 3342 centro
1745 3272 1940 3340 dense
1968 3272 2243 3340 conferti
2260 3324 2277 3356 ,
2310 3274 2574 3345 distinc-

449 3407 585 3461 tam
630 3391 985 3460 medullam
1039 3391 1217 3460 haud
1266 3391 1664 3482 relinquunt.
1770 3395 1849 3459 In
1894 3392 2343 3461 vetustioribus
2388 3396 2579 3465 ramis

454 3512 737 3580 medulla
785 3535 841 3580 a¹
863 3511 1042 3603 ligno
1077 3512 1277 3604 magis
1310 3510 1645 3593 distincta,
1693 3535 1931 3603 sparsas
1963 3512 2158 3580 fibras
2185 3512 2424 3604 ligneas
2457 3515 2578 3584 ob-

453 3631 619 3712 fert‚
682 3646 751 3700 et
800 3632 1051 3723 lignum
1095 3631 1305 3722 ipsum
1358 3632 1574 3699 adhuc
1606 3631 1799 3700 molle
1828 3630 1899 3697 in
1930 3646 2130 3700 strata
2164 3635 2577 3704 concentrica

449 3773 859 3842 nequaquam
891 3751 1160 3820 divisum
1191 3752 1304 3820 sed
1332 3751 1520 3820 radiis
1548 3751 2006 3820 medullaribus
2028 3754 2253 3844 amplis
2275 3754 2579 3824 radiatim

452 3872 695 3941 fissum.
756 3876 836 3938 In
867 3873 1159 3964 plurimis
1185 3872 1511 3964 speciebus
1540 3871 1870 3941 herbaceis
1896 3874 2102 3943 fibrae
2132 3875 2296 3944 adeo
2323 3875 2577 3967 irregu-

454 3990 678 4059 lariter
700 3991 1040 4083 dispositae
1068 4008 1146 4062 ut
1176 3993 1336 4061 radii
1374 3992 1757 4061 medullares
1786 3993 2095 4085 distingui
2129 4017 2262 4063 non
2294 4010 2578 4085 possunt.

550 4112 809 4183 Tuber
873 4113 1294 4181 Tildeniae
1343 4126 1438 4180 est
1481 4112 1679 4181 caulis
1725 4126 2096 4182 contractus
2145 4136 2264 4203 pro
2308 4114 2580 4185 maxima

449 4229 641 4324 parte
690 4256 728 4304 e
768 4234 1009 4303 cellulis
1038 4232 1461 4324 composituS‚
1502 4233 1696 4325 amyli
1731 4233 2004 4325 globulis
2037 4233 2215 4301 haud
2244 4233 2448 4326 parcis
2481 4261 2576 4306 re-
