3153 5134
861 1219 1164 1295 Tamus
1219 1220 1255 1291 1
1267 1273 1283 1293 .
1386 1220 2167 1303 ΡΕΡΕΒΟΜΙΕΑΕ.

528 1983 581 2045 Ι.
664 1990 1306 2070 VEBHIOEIJJA.
1385 1985 1663 2047 Flores
1697 1987 2175 2070 hermaphroditi
2207 1997 2342 2060 laxe
2372 2021 2585 2067 amen-

451 2087 620 2146 tacei.
717 2087 1032 2148 Bractea
1099 2087 1457 2166 pedicellata
1522 2089 1745 2169 peltata
1796 2093 2053 2175 oblonga
2107 2099 2243 2161 laxe
2298 2106 2585 2173 cellulosa

449 2190 780 2271 persistens.
835 2190 1162 2250 Stamina
1196 2190 1320 2250 duo
1355 2190 1660 2269 lateralia,
1698 2193 2111 2260 filamentis
2145 2201 2274 2264 sere
2309 2209 2449 2268 totis
2481 2214 2582 2274 vel

449 2293 687 2354 inferne
704 2294 914 2353 saltem
931 2292 1136 2354 ovario
1151 2292 1383 2354 adnatis
1395 2340 1414 2370 ,
1442 2315 1530 2365 an
1545 2296 1620 2355 th
1634 2316 1670 2355 e
1683 2318 1713 2355 r
1725 2298 1747 2355 i
1758 2319 1786 2357 s
1812 2300 2182 2380 subglobosis
2196 2310 2412 2388 amplis
2427 2314 2588 2376 bilo-

446 2398 780 2474 cularibus,
813 2396 1029 2457 loculis
1059 2397 1340 2476 appositis
1372 2398 1528 2459 rima
1563 2407 1826 2461 extrorsa
1861 2402 2185 2467 hiantibus.
2228 2409 2276 2468 Ο
2292 2431 2371 2472 va
2386 2415 2582 2479 rium

448 2499 776 2580 oblongum
830 2500 926 2560 vel
979 2500 1541 2581 subeylindraceum
1595 2503 2051 2585 uniovulatum,
2111 2512 2584 2592 stigmatibus

447 2610 708 2681 quatuor
735 2603 1464 2665 verrucaesormi-eonieis
1500 2606 1738 2667 minute
1775 2608 1872 2668 vel
1907 2611 2283 2675 subobsolete
2324 2622 2587 2697 penicil-

445 2704 598 2765 latis.
679 2704 911 2766 Bacca
962 2705 1175 2765 sessilis
1227 2714 1399 2767 ovata
1453 2706 1548 2766 vel
1594 2708 1947 2785 subglobosa
1996 2714 2205 2791 glabra
2237 2719 2585 2798 stigmatum

449 2806 806 2867 rudimentis
835 2816 1133 2869 coronata.
1192 2808 1446 2867 Semen
1481 2817 1754 2870 ereetum
1788 2811 2043 2875 basilare
2070 2819 2412 2900 conforme,
2429 2827 2586 2894 'testa

445 2910 931 2986 membranacea,
971 2910 1283 2971 albumine
1331 2910 1609 2971 farinoso.
1648 2944 1729 2958 -—-
1766 2916 2058 2978 Herbulae
2095 2928 2440 2987 tenerrimae
2472 2934 2585 2993 ele-

436 3025 649 3095 gantes
704 3015 1076 3074 succulentus
1095 3058 1113 3088 ‚
1172 3015 1242 3071 in
1318 3015 1480 3074 sicea
1530 3015 2326 3095 pellucido-membranaceae
2341 3075 2360 3106 ,
2422 3044 2586 3097 textu

445 3117 749 3176 vasculari
782 3137 916 3177 raro
935 3163 951 3192 ,
982 3127 1251 3196 repentes
1270 3162 1286 3191 ,
1328 3117 1695 3177 dichotomae
1707 3165 1725 3194 ,
1768 3122 1956 3202 soliis
2009 3126 2254 3188 alternis
2301 3139 2585 3215 oppositis

444 3221 540 3278 vel
588 3222 772 3279 ternis
789 3265 808 3295 ,
849 3220 1020 3301 longe
1062 3220 1375 3300 petiolatie
1389 3265 1405 3294 ,
1450 3222 1817 3283 subcordatie
1873 3227 1968 3285 vel
2016 3231 2549 3314 subrenit'omnibus
2563 3291 2583 3321 ‚

445 3322 768 3401 aliqnando
806 3324 1149 3403 subpeltatie
1167 3368 1186 3398 ,
1220 3324 1814 3403 tri-qninqaenerviis
1832 3376 1850 3404 ,
1882 3331 2037 3408 pilis
2087 3339 2294 3396 setosis
2324 3347 2580 3423 sparsis,

442 3427 694 3484 amentis
742 3425 1096 3485 ancillaribus
1148 3426 1243 3484 vel
1283 3428 1588 3486 terminali
1620 3431 1788 3509 solio
1839 3435 2122 3512 oppositis
2137 3482 2156 3512 ,
2183 3440 2585 3519 filiformihus

443 3527 612 3586 valde
661 3530 1074 3609 remotiflorie,
1102 3530 1366 3609 floribus
1418 3532 1820 3611 virginalibus
1854 3537 1963 3595 suh
2003 3539 2255 3601 bracteis
2289 3545 2451 3607 hand
2478 3553 2577 3611 ah.

441 3631 745 3691 scanditis.
806 3630 1107 3691 'Crescunt
1147 3633 1215 3689 in
1255 3631 1529 3692 Brasilia
1570 3645 1627 3692 et
1665 3635 1853 3696 India
1893 3641 2261 3704 occidentali.

512 3810 729 3866 Adnot.
802 3811 882 3865 Ab
909 3811 1146 3867 omnibus
1176 3814 1498 3887 Peperomieis
1519 3814 1904 3873 filamentorum
1932 3839 2052 3876 cum
2082 3826 2249 3882 ovario
2280 3830 2579 3894 coalitomm

443 3907 496 3951 et
539 3899 793 3971 stigmatis
831 3899 1105 3974 quadrifidi
1151 3901 1432 3956 charactere
1489 3900 1681 3959 differt.
1755 3906 1948 3963 Habitu
1989 3915 2339 3989 Acrocarpidio
2391 3922 2582 3995 affinis,

442 3987 529 4041 sed
570 3988 820 4061 stigmatis
865 3988 1103 4043 divisione
1132 3992 1464 4063 Peperomieas
1490 4010 1612 4046 cum
1651 3993 1895 4051 affinibus
1922 4002 2184 4057 Saurureis
2216 4008 2587 4079 quodammodo

436 4079 704 4132 connectit.

511 4163 906 4238 Diligentissima
939 4173 1152 4219 naturae
1181 4165 1477 4233 scrutatori,
1512 4170 1578 4239 Q.
1608 4172 1672 4224 Μ.
1698 4174 1761 4225 R.
1795 4175 2065 4243 VerHueH,
2101 4178 2381 4238 itineratori
2410 4187 2581 4261 doct03

438 4253 762 4328 Entomologo
787 4253 1127 4314 eruditissimo
1155 4253 1248 4309 hoc
1281 4274 1440 4329 genus
1465 4255 1520 4311 in
1551 4259 1822 4331 gratissimi
1850 4262 2008 4318 animi
2036 4274 2272 4324 tesseram
2300 4271 2481 4334 dicavi.
2533 4271 2534 4274 ¹

729 4402 808 4470 a.)
844 4399 1192 4456 filamentis
1226 4398 1354 4455 fere
1390 4401 1532 4456 totis
1566 4419 1707 4457 eum
1741 4406 1945 4461 ovario
1978 4414 2277 4473 connatis.
