3153 5134
1435 357 1522 420 29

421 577 676 637 tantum
740 562 1001 632 ovulum
1056 550 1425 632 invenerim.
1528 562 1832 631 Ovarium
1882 575 2226 633 transverse
2285 588 2501 648 secans
2520 600 2544 648 ·,·

418 684 679 756 ovulum
728 683 924 751 etiam
973 682 1320 774 (quantum
1352 682 1424 749 in
1459 704 1530 750 re
1559 682 1777 750 subtili
1808 684 2168 753 secundum
2200 686 2363 755 sicca
2396 710 2546 779 spe-

421 805 660 874 cimina
681 803 976 896 judicare
1007 802 1179 892 licet)
1211 825 1460 895 semper
1485 803 1555 871 in
1590 817 1818 873 centro
1846 804 2064 873 baseos
2090 806 2354 875 affixum
2389 807 2545 888 vidi,

420 924 764 1014 aliquando
795 922 1016 991 saltem
1053 923 1209 1021 (scil.
1239 922 1306 988 in
1343 920 1563 990 ovariis
1593 922 1942 1012 majoribus
1976 924 2271 1016 Piperis
2304 924 2545 1018 nigri,

423 1043 849 1134 quarumdam
888 1042 1240 1134 specierum
1273 1044 1515 1109 Artan
1532 1043 1731 1134 thes)
1778 1043 2181 1134 aliquatenus
2218 1045 2399 1113 lateri
2435 1069 2550 1113 an-

422 1163 638 1234 teriori
687 1163 1198 1254 approximatum
1258 1163 1618 1231 videbatur.
1681 1206 1684 1209 -
1722 1163 1987 1254 Stylus
2043 1166 2113 1233 in
2164 1165 2553 1256 quibusdam

418 1284 741 1375 speciebus
790 1282 1385 1364 distinctusadest‚
1449 1306 1547 1353 ex.
1598 1305 1656 1351 c.
1718 1282 1788 1350 in
1846 1283 2546 1377 Rhyncholepide,

423 1400 1162 1494 Sphaerostachyo‚
1209 1402 1680 1494 Peltobryo‚
1714 1402 2191 1484 Callianira,
2241 1404 2552 1473 deciduus

419 1522 519 1590 vel
549 1521 902 1616 persistens.
992 1523 1071 1586 In
1099 1520 1357 1609 reliquis
1404 1521 1539 1588 fere
1580 1521 1879 1589 omnibus
1917 1523 2216 1612 stigmata
2247 1537 2399 1591 sunt
2429 1548 2552 1593 ses-

421 1644 556 1712 silia
577 1693 595 1724 ,
648 1641 944 1708 crassiora
992 1638 1067 1705 in
1112 1639 1550 1730 gerontogaeis
1596 1663 1670 1707 ac
1720 1639 1790 1706 in
1839 1640 1989 1707 novi
2040 1640 2210 1709 orbis
2227 1692 2245 1722 ‚
2293 1642 2555 1711 lineari-

422 1760 767 1831 subteretia
785 1812 804 1842 ‚
850 1760 1196 1829 lanceolata
1209 1811 1228 1840 ,
1275 1760 1553 1850 oblonga
1571 1811 1589 1840 ‚
1634 1759 1857 1850 patula
1904 1761 2005 1827 vel
2046 1759 2430 1852 plerumque
2459 1786 2559 1832 re-

421 1884 586 1951 flexa
603 1932 621 1962 ‚
686 1880 904 1948 subtus
922 1930 939 1960 ,
1002 1879 1052 1946 si
1097 1901 1302 1977 pauca
1354 1878 1698 1947 subteretia
1748 1878 1950 1946 demis
1967 1929 1984 1959 ,
2045 1879 2271 1971 glabra
2293 1931 2310 1962 ,
2369 1906 2557 1974 supra

423 2001 568 2094 pilis
595 1999 967 2092 stigmaticis
995 1999 1295 2067 brevibus
1323 1999 1422 2065 vel
1448 1998 1856 2090 longiusculis
1882 1998 2168 2067 deciduis
2189 2000 2287 2068 vel
2315 2000 2556 2071 diutius

424 2121 898 2214 persistentibus
940 2120 1252 2188 instructa
1273 2171 1290 2200 ,
1339 2118 1615 2187 decidua
1648 2118 1748 2186 vel
1781 2118 2005 2187 baccas
2036 2121 2208 2188 varie
2239 2143 2561 2214 coronan-

429 2241 552 2319 tia,
616 2241 686 2308 in
734 2239 1124 2331 quibusdam
1185 2217 1568 2307 articulatim
1630 2262 1665 2306 a
1717 2239 1885 2330 stylo
1944 2239 2166 2309 soluta
2266 2242 2562 2312 Baccae

428 2361 726 2454 globosae
743 2412 760 2441 ,
807 2360 1124 2451 oblongae
1139 2411 1158 2441 ‚
1203 2359 1542 2451 angulosae
1560 2409 1579 2440 ‚
1628 2371 1906 2428 costatae
1925 2410 1941 2440 ,
1989 2374 2297 2429 cuneatae
2324 2370 2384 2430 e.'
2412 2386 2462 2431 s.
2490 2387 2559 2454 p.

429 2479 672 2549 Similes
701 2493 853 2548 sunt
891 2479 1278 2547 seminum
1327 2477 1747 2546 differentiae.
1835 2481 1917 2547 In
1951 2478 2227 2571 Pipereis
2258 2480 2436 2548 orbis.
2457 2504 2564 2550 ve-

430 2583 577 2669 teris
619 2601 850 2669 baccae
897 2600 968 2667 in
1012 2599 1372 2667 universum
1421 2599 1696 2688 majores
1740 2610 1890 2667 sunt
1927 2613 1995 2666 et
2026 2600 2230 2690 magis
2262 2602 2566 2692 pulposae

433 2743 511 2788 ac
559 2722 629 2789 in
676 2721 822 2791 novi
878 2720 1051 2790 orbis
1066 2771 1083 2801 ,
1150 2718 1385 2809 quibus
1444 2717 1774 2808 speciebus
1829 2739 2017 2808 saepe
2072 2719 2268 2786 etiam
2325 2720 2563 2789 baccae

433 2840 709 2910 minores
740 2840 1333 2933 deprehenduntur.
1424 2839 1501 2902 In
1542 2839 1643 2905 Cu
1659 2836 1858 2905 beba
1905 2837 2567 2941 pseudopedicellatae

437 2974 605 3043 sunt,
632 2960 817 3028 simili
844 2960 1094 3029 ratione
1115 2982 1190 3026 ac
1221 2957 1290 3024 in
1307 2956 1753 3048 Acrocarpidio
1770 2957 2349 3048 Peperomiearum.
2399 2960 2566 3027 Situs

433 3081 780 3149 baccarum
832 3101 965 3148 non
1007 3079 1220 3147 minus
1249 3078 1489 3159 varius,
1537 3077 1719 3146 unde
1749 3076 1954 3144 varius
1987 3091 2393 3146 umentorum
2426 3103 2565 3147 ma-

432 3214 729 3270 turorum
763 3200 1098 3291 adspectus
1131 3199 1355 3268 oritur.
1446 3200 1650 3265 Dense
1696 3210 1762 3264 et
1792 3220 1858 3265 se
1904 3197 2175 3266 invicem
2206 3214 2565 3290 prementes

432 3319 505 3386 in
538 3320 1149 3411 Pothomorphe‚
1194 3318 1610 3401 Artanthe,
1646 3318 2107 3409 Peltobryo,
2140 3319 2558 3390 Callianira

436 3439 839 3521 americanis,
887 3453 956 3507 et
992 3438 1303 3529 imprimis
1343 3438 1414 3505 in
1458 3439 1787 3507 Chavica
1840 3438 2143 3530 (asiatica)
2185 3440 2369 3529 cujus
2412 3440 2563 3509 bac-

438 3580 555 3626 cae
581 3559 765 3633 valde
796 3559 1099 3649 pulposae
1126 3558 1399 3626 bracteis
1426 3558 1694 3626 succosis
1724 3557 1912 3625 factis
1940 3580 2060 3648 pro
2091 3572 2274 3648 parte
2298 3561 2567 3630 coalitae

437 3672 595 3758 cum
633 3691 927 3750 tumente
963 3676 1186 3746 rhachi
1236 3676 1642 3770 syncarpium
1690 3675 2137 3744 succulentum
2172 3677 2528 3749 coloratum
2545 3733 2564 3763 ‚

437 3798 818 3866 naturantis
847 3797 1128 3867 termino
1153 3812 1365 3870 totum
1391 3797 1780 3878 deciduum,
1828 3796 2095 3879 sistunt,
2137 3775 2305 3866 ‘dum
2339 3798 2408 3867 iu
2434 3801 2569 3869 aliis

438 3920 784 4010 generibus
828 3941 976 3988 mox
1023 3918 1385 3989 memoratis
1429 3918 1666 3987 baccae
1698 3918 1959 3987 siccatae
1978 3969 1995 3999 ,
2043 3918 2374 3988 fatiscente
2401 3922 2567 4012 peri-

442 4038 690 4130 carpio,
727 4040 812 4107 ab
844 4052 1131 4120 amento,
1161 4039 1352 4106 serius
1385 4038 1701 4120 deciduo,
1735 4038 1885 4107 solvi
1918 4037 2251 4121 videntur,
2289 4060 2383 4108 ex.
2416 4062 2474 4109 c.
2501 4042 2571 4107 in

441 4158 743 4250 Piperi‚
794 4158 1107 4240 Cubeba
1156 4158 1308 4239 rel.‚
1354 4157 1472 4224 ubi
1516 4158 1754 4226 baccae
1797 4157 2100 4226 remotius
2134 4181 2170 4225 a
2205 4180 2269 4225 se
2300 4158 2568 4235 invicem

442 4278 598 4350 sitae
615 4332 633 4363 ,
699 4280 936 4350 liberae
953 4331 971 4362 ‚
1033 4302 1220 4369 supra
1282 4279 1565 4347 bracteas
1611 4278 1944 4347 fulcientes
1999 4266 2251 4367 longius
2294 4294 2572 4356 exsertae
