<?xml version="1.0" encoding="UTF-8"?>
<!DOCTYPE html PUBLIC "-//W3C//DTD XHTML 1.0 Transitional//EN"
    "http://www.w3.org/TR/xhtml1/DTD/xhtml1-transitional.dtd">
<html xmlns="http://www.w3.org/1999/xhtml" xml:lang="en" lang="en">
 <head>
  <title>
</title>
<meta http-equiv="Content-Type" content="text/html;charset=utf-8" />
  <meta name='ocr-system' content='tesseract 3.04.00' />
  <meta name='ocr-capabilities' content='ocr_page ocr_carea ocr_par ocr_line ocrx_word'/>
</head>
<body>
  <div class='ocr_page' id='page_1' title='image "./systemapiperace00migugoog_0031.png"; bbox 0 0 3153 5134; ppageno 0'>
   <div class='ocr_carea' id='block_1_1' title="bbox 1395 385 1474 449">
    <p class='ocr_par' dir='ltr' id='par_1_1' title="bbox 1395 385 1474 449">
     <span class='ocr_line' id='line_1_1' title="bbox 1395 385 1474 449; baseline 0.013 -1"><span class='ocrx_word' id='word_1_1' title='bbox 1395 385 1474 449; x_wconf 76' lang='lat'><strong>1¹7</strong></span> 
     </span>
    </p>
   </div>
   <div class='ocr_carea' id='block_1_2' title="bbox 361 572 2591 1767">
    <p class='ocr_par' dir='ltr' id='par_1_2' title="bbox 361 572 2591 1767">
     <span class='ocr_line' id='line_1_2' title="bbox 367 572 2588 688; baseline 0.002 -25"><span class='ocrx_word' id='word_1_2' title='bbox 367 591 786 688; x_wconf 72' lang='lat' dir='ltr'><strong>penuinervia</strong></span> <span class='ocrx_word' id='word_1_3' title='bbox 835 593 965 662; x_wconf 79' lang='lat' dir='ltr'><strong>sint</strong></span> <span class='ocrx_word' id='word_1_4' title='bbox 985 646 1003 676; x_wconf 89' lang='lat'>‚</span> <span class='ocrx_word' id='word_1_5' title='bbox 1066 593 1231 662; x_wconf 75' lang='lat' dir='ltr'><strong>adeo</strong></span> <span class='ocrx_word' id='word_1_6' title='bbox 1283 606 1361 661; x_wconf 81' lang='lat' dir='ltr'><strong>ut</strong></span> <span class='ocrx_word' id='word_1_7' title='bbox 1413 589 1860 661; x_wconf 42' lang='lat' dir='ltr'><strong>diversissimae</strong></span> <span class='ocrx_word' id='word_1_8' title='bbox 1908 589 2207 662; x_wconf 76' lang='lat' dir='ltr'><strong>foliorum</strong></span> <span class='ocrx_word' id='word_1_9' title='bbox 2259 589 2505 667; x_wconf 59' lang='lat' dir='ltr'><strong>{buum</strong></span> <span class='ocrx_word' id='word_1_10' title='bbox 2583 572 2588 577; x_wconf 23' lang='lat'>²</span> 
     </span>
     <span class='ocr_line' id='line_1_3' title="bbox 366 699 2495 809; baseline -0 -25"><span class='ocrx_word' id='word_1_11' title='bbox 366 717 435 784; x_wconf 88' lang='lat' dir='ltr'><strong>in</strong></span> <span class='ocrx_word' id='word_1_12' title='bbox 471 717 696 785; x_wconf 88' lang='lat' dir='ltr'><strong>eadem</strong></span> <span class='ocrx_word' id='word_1_13' title='bbox 748 716 949 807; x_wconf 77' lang='lat' dir='ltr'><strong>stirpe</strong></span> <span class='ocrx_word' id='word_1_14' title='bbox 992 699 1431 796; x_wconf 82' lang='lat' dir='ltr'><strong>inveniantur,</strong></span> <span class='ocrx_word' id='word_1_15' title='bbox 1470 700 1865 795; x_wconf 81' lang='lat' dir='ltr'><strong>orbiculata,</strong></span> <span class='ocrx_word' id='word_1_16' title='bbox 1912 726 2093 782; x_wconf 83' lang='lat' dir='ltr'><strong>ovata</strong></span> <span class='ocrx_word' id='word_1_17' title='bbox 2117 765 2136 796; x_wconf 85' lang='lat'><strong>,</strong></span> <span class='ocrx_word' id='word_1_18' title='bbox 2183 716 2495 809; x_wconf 80' lang='lat' dir='ltr'><strong>oblonga,</strong></span> 
     </span>
     <span class='ocr_line' id='line_1_4' title="bbox 367 822 2491 929; baseline 0.001 -24"><span class='ocrx_word' id='word_1_19' title='bbox 367 837 766 929; x_wconf 77' lang='lat' dir='ltr'><strong>demumque</strong></span> <span class='ocrx_word' id='word_1_20' title='bbox 806 837 877 904; x_wconf 88' lang='lat' dir='ltr'><strong>in</strong></span> <span class='ocrx_word' id='word_1_21' title='bbox 912 822 1174 904; x_wconf 87' lang='lat' dir='ltr'><strong>summis</strong></span> <span class='ocrx_word' id='word_1_22' title='bbox 1222 833 1480 903; x_wconf 78' lang='lat' dir='ltr'><strong>ramulis</strong></span> <span class='ocrx_word' id='word_1_23' title='bbox 1523 835 1659 902; x_wconf 74' lang='lat' dir='ltr'><strong>fere</strong></span> <span class='ocrx_word' id='word_1_24' title='bbox 1699 833 1959 902; x_wconf 74' lang='lat' dir='ltr'><strong>linearia</strong></span> <span class='ocrx_word' id='word_1_25' title='bbox 2009 849 2083 904; x_wconf 89' lang='lat' dir='ltr'><strong>et</strong></span> <span class='ocrx_word' id='word_1_26' title='bbox 2127 837 2491 907; x_wconf 79' lang='lat' dir='ltr'><strong>subsessilia.</strong></span> 
     </span>
     <span class='ocr_line' id='line_1_5' title="bbox 372 936 2591 1048; baseline 0.003 -24"><span class='ocrx_word' id='word_1_27' title='bbox 372 961 508 1026; x_wconf 81' lang='lat' dir='ltr'><strong>Bac</strong></span> <span class='ocrx_word' id='word_1_28' title='bbox 534 957 603 1024; x_wconf 86' lang='lat' dir='ltr'><strong>in</strong></span> <span class='ocrx_word' id='word_1_29' title='bbox 634 981 704 1025; x_wconf 88' lang='lat' dir='ltr'><strong>re</strong></span> <span class='ocrx_word' id='word_1_30' title='bbox 726 957 1094 1048; x_wconf 89' lang='lat' dir='ltr'><strong>Pipereae</strong></span> <span class='ocrx_word' id='word_1_31' title='bbox 1125 969 1714 1048; x_wconf 78' lang='lat' dir='ltr'><strong>gerontcgaeae</strong></span> <span class='ocrx_word' id='word_1_32' title='bbox 1741 955 1943 1048; x_wconf 80' lang='lat' dir='ltr'><strong>magis</strong></span> <span class='ocrx_word' id='word_1_33' title='bbox 1966 957 2257 1027; x_wconf 85' lang='lat' dir='ltr'><strong>eminent</strong></span> <span class='ocrx_word' id='word_1_34' title='bbox 2279 984 2352 1029; x_wconf 88' lang='lat' dir='ltr'><strong>ac</strong></span> <span class='ocrx_word' id='word_1_35' title='bbox 2378 981 2491 1029; x_wconf 83' lang='lat' dir='ltr'><strong>eae</strong></span> <span class='ocrx_word' id='word_1_36' title='bbox 2578 936 2591 951; x_wconf 53' lang='lat'><em>⁶</em></span> 
     </span>
     <span class='ocr_line' id='line_1_6' title="bbox 368 1075 2489 1169; baseline 0.003 -25"><span class='ocrx_word' id='word_1_37' title='bbox 368 1075 548 1146; x_wconf 84' lang='lat' dir='ltr'><strong>novi</strong></span> <span class='ocrx_word' id='word_1_38' title='bbox 594 1076 830 1160; x_wconf 85' lang='lat' dir='ltr'><strong>orbis,</strong></span> <span class='ocrx_word' id='word_1_39' title='bbox 874 1076 998 1145; x_wconf 86' lang='lat' dir='ltr'><strong>etsi</strong></span> <span class='ocrx_word' id='word_1_40' title='bbox 1038 1075 1320 1145; x_wconf 83' lang='lat' dir='ltr'><strong>eadem&#39;</strong></span> <span class='ocrx_word' id='word_1_41' title='bbox 1301 1099 1372 1143; x_wconf 86' lang='lat' dir='ltr'><strong>m</strong></span> <span class='ocrx_word' id='word_1_42' title='bbox 1405 1075 1776 1144; x_wconf 81' lang='lat' dir='ltr'><strong>universum</strong></span> <span class='ocrx_word' id='word_1_43' title='bbox 1823 1075 1926 1144; x_wconf 83' lang='lat' dir='ltr'><strong>lex</strong></span> <span class='ocrx_word' id='word_1_44' title='bbox 1965 1077 2217 1169; x_wconf 85' lang='lat' dir='ltr'><strong>ubique</strong></span> <span class='ocrx_word' id='word_1_45' title='bbox 2262 1080 2489 1152; x_wconf 78' lang='lat' dir='ltr'><strong>valeat.</strong></span> 
     </span>
     <span class='ocr_line' id='line_1_7' title="bbox 369 1195 2494 1288; baseline 0.004 -27"><span class='ocrx_word' id='word_1_46' title='bbox 369 1196 447 1261; x_wconf 89' lang='lat' dir='ltr'><strong>In</strong></span> <span class='ocrx_word' id='word_1_47' title='bbox 493 1197 844 1288; x_wconf 78' lang='lat' dir='ltr'><strong>specierum</strong></span> <span class='ocrx_word' id='word_1_48' title='bbox 893 1195 1275 1264; x_wconf 83' lang='lat' dir='ltr'><strong>differentiis</strong></span> <span class='ocrx_word' id='word_1_49' title='bbox 1315 1196 1647 1264; x_wconf 81' lang='lat' dir='ltr'><strong>exarandis</strong></span> <span class='ocrx_word' id='word_1_50' title='bbox 1691 1195 1781 1264; x_wconf 77' lang='lat' dir='ltr'><strong>ad</strong></span> <span class='ocrx_word' id='word_1_51' title='bbox 1827 1196 2109 1265; x_wconf 82' lang='lat' dir='ltr'><strong>eandem</strong></span> <span class='ocrx_word' id='word_1_52' title='bbox 2138 1198 2494 1269; x_wconf 83' lang='lat' dir='ltr'><strong>cautissime</strong></span> 
     </span>
     <span class='ocr_line' id='line_1_8' title="bbox 365 1304 2490 1429; baseline 0.003 -45"><span class='ocrx_word' id='word_1_53' title='bbox 365 1337 498 1385; x_wconf 83' lang='lat' dir='ltr'><strong>esse</strong></span> <span class='ocrx_word' id='word_1_54' title='bbox 553 1317 1072 1398; x_wconf 81' lang='lat' dir='ltr'><strong>attendendum,</strong></span> <span class='ocrx_word' id='word_1_55' title='bbox 1135 1316 1322 1386; x_wconf 79' lang='lat' dir='ltr'><strong>facile</strong></span> <span class='ocrx_word' id='word_1_56' title='bbox 1370 1316 1750 1429; x_wconf 74' lang='lat' dir='ltr'><strong>perspicitur</strong></span> <span class='ocrx_word' id='word_1_57' title='bbox 1810 1326 1932 1384; x_wconf 88' lang='lat' dir='ltr'><strong>nec</strong></span> <span class='ocrx_word' id='word_1_58' title='bbox 1986 1304 2490 1390; x_wconf 81' lang='lat' dir='ltr'><strong>obliviscendum</strong></span> 
     </span>
     <span class='ocr_line' id='line_1_9' title="bbox 364 1420 2493 1528; baseline 0.003 -25"><span class='ocrx_word' id='word_1_59' title='bbox 364 1420 647 1527; x_wconf 83' lang='lat' dir='ltr'><strong>plurium</strong></span> <span class='ocrx_word' id='word_1_60' title='bbox 690 1421 1082 1527; x_wconf 79' lang='lat' dir='ltr'><strong>specierum,</strong></span> <span class='ocrx_word' id='word_1_61' title='bbox 1144 1460 1303 1528; x_wconf 85' lang='lat' dir='ltr'><strong>quas</strong></span> <span class='ocrx_word' id='word_1_62' title='bbox 1353 1459 1392 1505; x_wconf 91' lang='lat' dir='ltr'><strong>e</strong></span> <span class='ocrx_word' id='word_1_63' title='bbox 1443 1437 1635 1505; x_wconf 84' lang='lat' dir='ltr'><strong>ramis</strong></span> <span class='ocrx_word' id='word_1_64' title='bbox 1683 1436 1754 1504; x_wconf 79' lang='lat' dir='ltr'><strong>in</strong></span> <span class='ocrx_word' id='word_1_65' title='bbox 1810 1437 2127 1506; x_wconf 80' lang='lat' dir='ltr'><strong>Herbariis</strong></span> <span class='ocrx_word' id='word_1_66' title='bbox 2171 1441 2493 1509; x_wconf 79' lang='lat' dir='ltr'><strong>asservatis</strong></span> 
     </span>
     <span class='ocr_line' id='line_1_10' title="bbox 368 1542 2491 1648; baseline 0.003 -26"><span class='ocrx_word' id='word_1_67' title='bbox 368 1564 631 1624; x_wconf 86' lang='lat' dir='ltr'><strong>tantum</strong></span> <span class='ocrx_word' id='word_1_68' title='bbox 663 1556 955 1647; x_wconf 79' lang='lat' dir='ltr'><strong>cognitas</strong></span> <span class='ocrx_word' id='word_1_69' title='bbox 986 1542 1317 1637; x_wconf 85' lang='lat' dir='ltr'><strong>babemus,</strong></span> <span class='ocrx_word' id='word_1_70' title='bbox 1351 1556 1504 1624; x_wconf 78' lang='lat' dir='ltr'><strong>folia</strong></span> <span class='ocrx_word' id='word_1_71' title='bbox 1530 1556 1830 1624; x_wconf 72' lang='lat' dir='ltr'><strong>inferiora</strong></span> <span class='ocrx_word' id='word_1_72' title='bbox 1860 1556 2076 1625; x_wconf 81' lang='lat' dir='ltr'><strong>adbuc</strong></span> <span class='ocrx_word' id='word_1_73' title='bbox 2104 1559 2361 1648; x_wconf 85' lang='lat' dir='ltr'><strong>penitus</strong></span> <span class='ocrx_word' id='word_1_74' title='bbox 2382 1560 2491 1628; x_wconf 87' lang='lat' dir='ltr'><strong>in·—</strong></span> 
     </span>
     <span class='ocr_line' id='line_1_11' title="bbox 361 1660 2495 1767; baseline 0.001 -24"><span class='ocrx_word' id='word_1_75' title='bbox 361 1677 629 1767; x_wconf 79' lang='lat' dir='ltr'><strong>eognita</strong></span> <span class='ocrx_word' id='word_1_76' title='bbox 677 1697 831 1743; x_wconf 84' lang='lat' dir='ltr'><strong>esse.</strong></span> <span class='ocrx_word' id='word_1_77' title='bbox 935 1677 1028 1744; x_wconf 80' lang='lat' dir='ltr'><strong>Eo</strong></span> <span class='ocrx_word' id='word_1_78' title='bbox 1069 1660 1269 1743; x_wconf 83' lang='lat' dir='ltr'><strong>etiam</strong></span> <span class='ocrx_word' id='word_1_79' title='bbox 1323 1675 1572 1743; x_wconf 86' lang='lat' dir='ltr'><strong>factum</strong></span> <span class='ocrx_word' id='word_1_80' title='bbox 1624 1687 1721 1742; x_wconf 72' lang='lat' dir='ltr'><strong>est</strong></span> <span class='ocrx_word' id='word_1_81' title='bbox 1739 1708 1774 1755; x_wconf 54' lang='lat'><strong>‚2</strong></span> <span class='ocrx_word' id='word_1_82' title='bbox 1828 1689 1906 1743; x_wconf 82' lang='lat' dir='ltr'><strong>ut</strong></span> <span class='ocrx_word' id='word_1_83' title='bbox 1955 1675 2233 1744; x_wconf 79' lang='lat' dir='ltr'><strong>subinde</strong></span> <span class='ocrx_word' id='word_1_84' title='bbox 2280 1694 2495 1747; x_wconf 74' lang='lat' dir='ltr'><strong>ramus</strong></span> 
     </span>
    </p>
   </div>
   <div class='ocr_carea' id='block_1_3' title="bbox 252 1778 2495 1885">
    <p class='ocr_par' dir='ltr' id='par_1_3' title="bbox 252 1778 2495 1885">
     <span class='ocr_line' id='line_1_12' title="bbox 252 1778 2495 1885; baseline 0.002 -22"><span class='ocrx_word' id='word_1_85' title='bbox 252 1785 264 1799; x_wconf 91' lang='grc'><strong>’</strong></span> <span class='ocrx_word' id='word_1_86' title='bbox 364 1793 539 1863; x_wconf 77' lang='lat' dir='ltr'><strong>foliis</strong></span> <span class='ocrx_word' id='word_1_87' title='bbox 592 1778 999 1863; x_wconf 80' lang='lat' dir='ltr'><strong>inferion&#39;bus</strong></span> <span class='ocrx_word' id='word_1_88' title='bbox 1045 1795 1269 1862; x_wconf 85' lang='lat' dir='ltr'><strong>saltem</strong></span> <span class='ocrx_word' id='word_1_89' title='bbox 1314 1794 1665 1863; x_wconf 75' lang='lat' dir='ltr'><strong>instmctus</strong></span> <span class='ocrx_word' id='word_1_90' title='bbox 1710 1817 1748 1861; x_wconf 85' lang='lat' dir='ltr'><strong>a</strong></span> <span class='ocrx_word' id='word_1_91' title='bbox 1793 1816 1974 1864; x_wconf 79' lang='lat' dir='ltr'><strong>ramo</strong></span> <span class='ocrx_word' id='word_1_92' title='bbox 2022 1795 2345 1885; x_wconf 84' lang='lat' dir='ltr'><strong>superiore</strong></span> <span class='ocrx_word' id='word_1_93' title='bbox 2386 1797 2495 1867; x_wconf 84' lang='lat' dir='ltr'><strong>di·-</strong></span> 
     </span>
    </p>
   </div>
   <div class='ocr_carea' id='block_1_4' title="bbox 365 1900 2494 2029">
    <p class='ocr_par' dir='ltr' id='par_1_4' title="bbox 365 1900 2494 2029">
     <span class='ocr_line' id='line_1_13' title="bbox 365 1900 2494 2029; baseline 0.003 -49"><span class='ocrx_word' id='word_1_94' title='bbox 365 1931 615 1994; x_wconf 75' lang='lat' dir='ltr'><strong>versus,</strong></span> <span class='ocrx_word' id='word_1_95' title='bbox 674 1935 798 2029; x_wconf 75' lang='lat' dir='ltr'><strong>pro</strong></span> <span class='ocrx_word' id='word_1_96' title='bbox 847 1900 1103 2005; x_wconf 67' lang='lat' dir='ltr'><strong>propria</strong></span> <span class='ocrx_word' id='word_1_97' title='bbox 1144 1913 1360 2004; x_wconf 83' lang='lat' dir='ltr'><strong>&#39;specie</strong></span> <span class='ocrx_word' id='word_1_98' title='bbox 1415 1913 1484 1981; x_wconf 87' lang='lat' dir='ltr'><strong>in</strong></span> <span class='ocrx_word' id='word_1_99' title='bbox 1526 1912 1857 2006; x_wconf 75' lang='lat' dir='ltr'><strong>catalogos</strong></span> <span class='ocrx_word' id='word_1_100' title='bbox 1898 1914 2335 2029; x_wconf 80' lang='lat' dir='ltr'><strong>systematicos</strong></span> <span class='ocrx_word' id='word_1_101' title='bbox 2385 1940 2494 1986; x_wconf 87' lang='lat' dir='ltr'><strong>re·-</strong></span> 
     </span>
    </p>
   </div>
   <div class='ocr_carea' id='block_1_5' title="bbox 358 2019 2497 2246">
    <p class='ocr_par' dir='ltr' id='par_1_5' title="bbox 358 2045 2497 2246">
     <span class='ocr_line' id='line_1_14' title="bbox 358 2046 737 2102; baseline 0.006 -4"><span class='ocrx_word' id='word_1_102' title='bbox 358 2068 362 2074; x_wconf 94' lang='lat'>·</span> <span class='ocrx_word' id='word_1_103' title='bbox 517 2056 592 2099; x_wconf 89' lang='lat' dir='ltr'><strong>us</strong></span> <span class='ocrx_word' id='word_1_104' title='bbox 633 2046 737 2102; x_wconf 71' lang='lat' dir='ltr'><strong>snt.</strong></span> 
     </span>
     <span class='ocr_line' id='line_1_15' title="bbox 365 2019 2497 2246; baseline 0.003 -27"><span class='ocrx_word' id='word_1_105' title='bbox 365 2019 746 2222; x_wconf 48' lang='lat' dir='ltr'><strong>cepl’tetioli</strong></span> <span class='ocrx_word' id='word_1_106' title='bbox 781 2151 914 2222; x_wconf 87' lang='lat' dir='ltr'><strong>basi</strong></span> <span class='ocrx_word' id='word_1_107' title='bbox 945 2152 1313 2244; x_wconf 75' lang='lat' dir='ltr'><strong>vaginantes</strong></span> <span class='ocrx_word' id='word_1_108' title='bbox 1341 2167 1410 2222; x_wconf 91' lang='lat' dir='ltr'><strong>et</strong></span> <span class='ocrx_word' id='word_1_109' title='bbox 1440 2154 1690 2223; x_wconf 84' lang='lat' dir='ltr'><strong>nodum</strong></span> <span class='ocrx_word' id='word_1_110' title='bbox 1718 2155 2182 2246; x_wconf 73' lang='lat' dir='ltr'><strong>amplectentes</strong></span> <span class='ocrx_word' id='word_1_111' title='bbox 2203 2156 2302 2224; x_wconf 79' lang='lat' dir='ltr'><strong>vel</strong></span> <span class='ocrx_word' id='word_1_112' title='bbox 2318 2177 2497 2226; x_wconf 84' lang='lat' dir='ltr'><strong>mar-</strong></span> 
     </span>
    </p>
   </div>
   <div class='ocr_carea' id='block_1_6' title="bbox 362 2259 2514 4404">
    <p class='ocr_par' dir='ltr' id='par_1_6' title="bbox 362 2259 2497 3082">
     <span class='ocr_line' id='line_1_16' title="bbox 362 2259 2496 2365; baseline 0.003 -25"><span class='ocrx_word' id='word_1_113' title='bbox 362 2271 689 2363; x_wconf 78' lang='lat' dir='ltr'><strong>ginantes‚</strong></span> <span class='ocrx_word' id='word_1_114' title='bbox 713 2259 1055 2363; x_wconf 48' lang='lat' dir='ltr'><strong>&#39;utrinque&#39;</strong></span> <span class='ocrx_word' id='word_1_115' title='bbox 1079 2271 1248 2340; x_wconf 77' lang='lat' dir='ltr'><strong>dum</strong></span> <span class='ocrx_word' id='word_1_116' title='bbox 1290 2271 1615 2355; x_wconf 72' lang='lat' dir='ltr'><strong>criuntur,</strong></span> <span class='ocrx_word' id='word_1_117' title='bbox 1657 2273 1959 2365; x_wconf 87' lang='lat' dir='ltr'><strong>stipula</strong></span> <span class='ocrx_word' id='word_1_118' title='bbox 2004 2275 2496 2346; x_wconf 77' lang='lat' dir='ltr'><strong>membranacea</strong></span> 
     </span>
     <span class='ocr_line' id='line_1_17' title="bbox 366 2391 2497 2487; baseline 0.003 -28"><span class='ocrx_word' id='word_1_119' title='bbox 366 2391 466 2459; x_wconf 77' lang='lat' dir='ltr'><strong>vel</strong></span> <span class='ocrx_word' id='word_1_120' title='bbox 495 2392 806 2474; x_wconf 74' lang='lat' dir='ltr'><strong>coriaceu,</strong></span> <span class='ocrx_word' id='word_1_121' title='bbox 841 2392 1094 2460; x_wconf 80' lang='lat' dir='ltr'><strong>minuta</strong></span> <span class='ocrx_word' id='word_1_122' title='bbox 1127 2392 1227 2459; x_wconf 79' lang='lat' dir='ltr'><strong>vel</strong></span> <span class='ocrx_word' id='word_1_123' title='bbox 1255 2393 1637 2482; x_wconf 77' lang='lat' dir='ltr'><strong>majuscula,</strong></span> <span class='ocrx_word' id='word_1_124' title='bbox 1674 2417 1820 2463; x_wconf 81' lang='lat' dir='ltr'><strong>raro</strong></span> <span class='ocrx_word' id='word_1_125' title='bbox 1850 2394 2084 2477; x_wconf 83' lang='lat' dir='ltr'><strong>libera,</strong></span> <span class='ocrx_word' id='word_1_126' title='bbox 2113 2396 2497 2487; x_wconf 80' lang='lat' dir='ltr'><strong>plerumque</strong></span> 
     </span>
     <span class='ocr_line' id='line_1_18' title="bbox 367 2500 2495 2607; baseline 0.002 -26"><span class='ocrx_word' id='word_1_127' title='bbox 367 2502 607 2603; x_wconf 79' lang='lat' dir='ltr'><strong>petioli&#39;</strong></span> <span class='ocrx_word' id='word_1_128' title='bbox 629 2512 921 2605; x_wconf 77' lang='lat' dir='ltr'><strong>margine</strong></span> <span class='ocrx_word' id='word_1_129' title='bbox 955 2524 1097 2581; x_wconf 86' lang='lat' dir='ltr'><strong>toto</strong></span> <span class='ocrx_word' id='word_1_130' title='bbox 1131 2512 1232 2579; x_wconf 84' lang='lat' dir='ltr'><strong>vel</strong></span> <span class='ocrx_word' id='word_1_131' title='bbox 1262 2524 1451 2603; x_wconf 86' lang='lat' dir='ltr'><strong>parte</strong></span> <span class='ocrx_word' id='word_1_132' title='bbox 1494 2500 1796 2582; x_wconf 78' lang='lat' dir='ltr'><strong>inferiore</strong></span> <span class='ocrx_word' id='word_1_133' title='bbox 1827 2513 2069 2582; x_wconf 80' lang='lat' dir='ltr'><strong>adnata</strong></span> <span class='ocrx_word' id='word_1_134' title='bbox 2121 2514 2495 2607; x_wconf 80' lang='lat' dir='ltr'><strong>(aliquando</strong></span> 
     </span>
     <span class='ocr_line' id='line_1_19' title="bbox 365 2619 2493 2724; baseline 0.002 -23"><span class='ocrx_word' id='word_1_135' title='bbox 365 2633 619 2702; x_wconf 81' lang='lat' dir='ltr'><strong>duabus</strong></span> <span class='ocrx_word' id='word_1_136' title='bbox 648 2633 821 2702; x_wconf 84' lang='lat' dir='ltr'><strong>inter</strong></span> <span class='ocrx_word' id='word_1_137' title='bbox 851 2656 919 2701; x_wconf 81' lang='lat' dir='ltr'><strong>se</strong></span> <span class='ocrx_word' id='word_1_138' title='bbox 940 2619 1246 2702; x_wconf 77' lang='lat' dir='ltr'><strong>connatis</strong></span> <span class='ocrx_word' id='word_1_139' title='bbox 1276 2632 1499 2724; x_wconf 84' lang='lat' dir='ltr'><strong>peticli</strong></span> <span class='ocrx_word' id='word_1_140' title='bbox 1530 2632 1716 2700; x_wconf 83' lang='lat' dir='ltr'><strong>faciei</strong></span> <span class='ocrx_word' id='word_1_141' title='bbox 1746 2634 1993 2701; x_wconf 85' lang='lat' dir='ltr'><strong>anticae</strong></span> <span class='ocrx_word' id='word_1_142' title='bbox 2023 2634 2337 2724; x_wconf 75' lang='lat' dir='ltr'><strong>adustis),</strong></span> <span class='ocrx_word' id='word_1_143' title='bbox 2384 2660 2493 2705; x_wconf 88' lang='lat' dir='ltr'><strong>ra·—</strong></span> 
     </span>
     <span class='ocr_line' id='line_1_20' title="bbox 368 2740 2493 2844; baseline 0.001 -23"><span class='ocrx_word' id='word_1_144' title='bbox 368 2752 500 2821; x_wconf 75' lang='lat' dir='ltr'><strong>rius</strong></span> <span class='ocrx_word' id='word_1_145' title='bbox 525 2740 898 2844; x_wconf 78' lang='lat' dir='ltr'><strong>persistente</strong></span> <span class='ocrx_word' id='word_1_146' title='bbox 911 2804 929 2834; x_wconf 89' lang='lat'>‚</span> <span class='ocrx_word' id='word_1_147' title='bbox 961 2752 1348 2843; x_wconf 83' lang='lat' dir='ltr'><strong>plerumque</strong></span> <span class='ocrx_word' id='word_1_148' title='bbox 1375 2750 1652 2817; x_wconf 82' lang='lat' dir='ltr'><strong>decidua</strong></span> <span class='ocrx_word' id='word_1_149' title='bbox 1680 2765 1750 2818; x_wconf 88' lang='lat' dir='ltr'><strong>et</strong></span> <span class='ocrx_word' id='word_1_150' title='bbox 1774 2751 2130 2820; x_wconf 84' lang='lat' dir='ltr'><strong>cicatricem</strong></span> <span class='ocrx_word' id='word_1_151' title='bbox 2159 2753 2227 2820; x_wconf 89' lang='lat' dir='ltr'><strong>in</strong></span> <span class='ocrx_word' id='word_1_152' title='bbox 2254 2755 2493 2844; x_wconf 76' lang='lat' dir='ltr'><strong>petiole</strong></span> 
     </span>
     <span class='ocr_line' id='line_1_21' title="bbox 363 2870 2495 2963; baseline 0.002 -25"><span class='ocrx_word' id='word_1_153' title='bbox 363 2884 441 2939; x_wconf 85' lang='lat' dir='ltr'><strong>et</strong></span> <span class='ocrx_word' id='word_1_154' title='bbox 486 2871 729 2941; x_wconf 89' lang='lat' dir='ltr'><strong>circum</strong></span> <span class='ocrx_word' id='word_1_155' title='bbox 768 2873 1018 2943; x_wconf 85' lang='lat' dir='ltr'><strong>nodum</strong></span> <span class='ocrx_word' id='word_1_156' title='bbox 1058 2871 1172 2940; x_wconf 89' lang='lat' dir='ltr'><strong>cui</strong></span> <span class='ocrx_word' id='word_1_157' title='bbox 1205 2871 1341 2939; x_wconf 86' lang='lat' dir='ltr'><strong>basi</strong></span> <span class='ocrx_word' id='word_1_158' title='bbox 1372 2870 1798 2952; x_wconf 77' lang='lat' dir='ltr'><strong>adhaerebat,</strong></span> <span class='ocrx_word' id='word_1_159' title='bbox 1855 2872 2219 2963; x_wconf 77' lang='lat' dir='ltr'><strong>rugulosam</strong></span> <span class='ocrx_word' id='word_1_160' title='bbox 2237 2925 2255 2955; x_wconf 89' lang='lat'>‚</span> <span class='ocrx_word' id='word_1_161' title='bbox 2303 2874 2495 2943; x_wconf 88' lang='lat' dir='ltr'><strong>reliu-</strong></span> 
     </span>
     <span class='ocr_line' id='line_1_22' title="bbox 362 2991 1144 3082; baseline 0.003 -23"><span class='ocrx_word' id='word_1_162' title='bbox 362 3006 611 3082; x_wconf 82' lang='lat' dir='ltr'><strong>quente</strong></span> <span class='ocrx_word' id='word_1_163' title='bbox 639 2991 934 3062; x_wconf 79' lang='lat' dir='ltr'><strong>instructi</strong></span> <span class='ocrx_word' id='word_1_164' title='bbox 967 3004 1144 3063; x_wconf 85' lang='lat' dir='ltr'><strong>sunt.</strong></span> 
     </span>
    </p>

    <p class='ocr_par' dir='ltr' id='par_1_7' title="bbox 362 3109 2514 4404">
     <span class='ocr_line' id='line_1_23' title="bbox 459 3109 2514 3205; baseline 0.001 -25"><span class='ocrx_word' id='word_1_165' title='bbox 459 3112 837 3183; x_wconf 71' lang='lat' dir='ltr'><strong>Adnmdum</strong></span> <span class='ocrx_word' id='word_1_166' title='bbox 873 3113 1207 3205; x_wconf 69' lang='lat' dir='ltr'><strong>singularis</strong></span> <span class='ocrx_word' id='word_1_167' title='bbox 1235 3128 1337 3183; x_wconf 87' lang='lat' dir='ltr'><strong>est</strong></span> <span class='ocrx_word' id='word_1_168' title='bbox 1376 3113 1670 3204; x_wconf 78' lang='lat' dir='ltr'><strong>stipuia</strong></span> <span class='ocrx_word' id='word_1_169' title='bbox 1700 3109 2281 3205; x_wconf 73' lang='lat' dir='ltr'><strong>oppositifolia,</strong></span> <span class='ocrx_word' id='word_1_170' title='bbox 2328 3131 2514 3205; x_wconf 82' lang='lat' dir='ltr'><strong>quae</strong></span> 
     </span>
     <span class='ocr_line' id='line_1_24' title="bbox 366 3223 2494 3350; baseline 0.001 -50"><span class='ocrx_word' id='word_1_171' title='bbox 366 3233 435 3300; x_wconf 87' lang='lat' dir='ltr'><strong>in</strong></span> <span class='ocrx_word' id='word_1_172' title='bbox 481 3223 782 3301; x_wconf 86' lang='lat' dir='ltr'><strong>omnibus</strong></span> <span class='ocrx_word' id='word_1_173' title='bbox 847 3233 1120 3324; x_wconf 85' lang='lat' dir='ltr'><strong>Pipereis</strong></span> <span class='ocrx_word' id='word_1_174' title='bbox 1177 3233 1475 3350; x_wconf 79' lang='lat' dir='ltr'><strong>genuinis</strong></span> <span class='ocrx_word' id='word_1_175' title='bbox 1524 3231 1743 3316; x_wconf 77' lang='lat' dir='ltr'><strong>adest,</strong></span> <span class='ocrx_word' id='word_1_176' title='bbox 1825 3234 2315 3303; x_wconf 82' lang='lat' dir='ltr'><strong>membranacea</strong></span> <span class='ocrx_word' id='word_1_177' title='bbox 2376 3249 2494 3303; x_wconf 80' lang='lat' dir='ltr'><strong>aut</strong></span> 
     </span>
     <span class='ocr_line' id='line_1_25' title="bbox 363 3341 2495 3446; baseline 0.001 -25"><span class='ocrx_word' id='word_1_178' title='bbox 363 3353 676 3436; x_wconf 75' lang='lat' dir='ltr'><strong>coriaeea,</strong></span> <span class='ocrx_word' id='word_1_179' title='bbox 731 3352 941 3445; x_wconf 83' lang='lat' dir='ltr'><strong>ampla</strong></span> <span class='ocrx_word' id='word_1_180' title='bbox 986 3357 1085 3423; x_wconf 72' lang='lat' dir='ltr'><strong>vel</strong></span> <span class='ocrx_word' id='word_1_181' title='bbox 1131 3356 1412 3436; x_wconf 78' lang='lat' dir='ltr'><strong>minuta,</strong></span> <span class='ocrx_word' id='word_1_182' title='bbox 1458 3354 1685 3422; x_wconf 85' lang='lat' dir='ltr'><strong>folium</strong></span> <span class='ocrx_word' id='word_1_183' title='bbox 1717 3341 2011 3443; x_wconf 78' lang='lat' dir='ltr'><strong>juvenile</strong></span> <span class='ocrx_word' id='word_1_184' title='bbox 2041 3375 2495 3446; x_wconf 82' lang='lat' dir='ltr'><strong>suprasequens</strong></span> 
     </span>
     <span class='ocr_line' id='line_1_26' title="bbox 365 3462 2491 3567; baseline 0 -27"><span class='ocrx_word' id='word_1_185' title='bbox 365 3473 642 3565; x_wconf 80' lang='lat' dir='ltr'><strong>axinque</strong></span> <span class='ocrx_word' id='word_1_186' title='bbox 706 3472 820 3565; x_wconf 85' lang='lat' dir='ltr'><strong>qui</strong></span> <span class='ocrx_word' id='word_1_187' title='bbox 888 3463 1357 3567; x_wconf 79' lang='lat' dir='ltr'><strong>vegetationem</strong></span> <span class='ocrx_word' id='word_1_188' title='bbox 1415 3474 1759 3542; x_wconf 84' lang='lat' dir='ltr'><strong>continuat</strong></span> <span class='ocrx_word' id='word_1_189' title='bbox 1819 3473 2191 3556; x_wconf 80' lang='lat' dir='ltr'><strong>includens,</strong></span> <span class='ocrx_word' id='word_1_190' title='bbox 2266 3462 2491 3555; x_wconf 84' lang='lat' dir='ltr'><strong>citius,</strong></span> 
     </span>
     <span class='ocr_line' id='line_1_27' title="bbox 369 3581 2497 3686; baseline 0.002 -25"><span class='ocrx_word' id='word_1_191' title='bbox 369 3615 517 3661; x_wconf 82' lang='lat' dir='ltr'><strong>raro</strong></span> <span class='ocrx_word' id='word_1_192' title='bbox 535 3592 781 3669; x_wconf 72' lang='lat' dir='ltr'><strong>tardius</strong></span> <span class='ocrx_word' id='word_1_193' title='bbox 796 3581 1126 3662; x_wconf 57' lang='lat' dir='ltr'><strong>&#39;decidua</strong></span> <span class='ocrx_word' id='word_1_194' title='bbox 1107 3616 1305 3686; x_wconf 86' lang='lat' dir='ltr'><strong>mque</strong></span> <span class='ocrx_word' id='word_1_195' title='bbox 1334 3593 1728 3663; x_wconf 76' lang='lat' dir='ltr'><strong>ramulorum</strong></span> <span class='ocrx_word' id='word_1_196' title='bbox 1761 3594 2180 3663; x_wconf 77' lang='lat' dir='ltr'><strong>crescentium</strong></span> <span class='ocrx_word' id='word_1_197' title='bbox 2210 3594 2497 3686; x_wconf 77' lang='lat' dir='ltr'><strong>apicibus</strong></span> 
     </span>
     <span class='ocr_line' id='line_1_28' title="bbox 370 3699 2495 3828; baseline 0.001 -48"><span class='ocrx_word' id='word_1_198' title='bbox 370 3701 778 3783; x_wconf 82' lang='lat' dir='ltr'><strong>invenienda.</strong></span> <span class='ocrx_word' id='word_1_199' title='bbox 839 3714 1105 3782; x_wconf 79' lang='lat' dir='ltr'><strong>Maxima</strong></span> <span class='ocrx_word' id='word_1_200' title='bbox 1132 3727 1205 3782; x_wconf 93' lang='lat' dir='ltr'><strong>et</strong></span> <span class='ocrx_word' id='word_1_201' title='bbox 1233 3713 1450 3828; x_wconf 78' lang='lat' dir='ltr'><strong>perfec</strong></span> <span class='ocrx_word' id='word_1_202' title='bbox 1458 3708 1581 3781; x_wconf 84' lang='lat' dir='ltr'><strong>tius</strong></span> <span class='ocrx_word' id='word_1_203' title='bbox 1609 3701 1868 3781; x_wconf 77' lang='lat' dir='ltr'><strong>evoluta</strong></span> <span class='ocrx_word' id='word_1_204' title='bbox 1901 3699 2105 3782; x_wconf 78' lang='lat' dir='ltr'><strong>exstat</strong></span> <span class='ocrx_word' id='word_1_205' title='bbox 2136 3713 2205 3782; x_wconf 88' lang='lat' dir='ltr'><strong>in</strong></span> <span class='ocrx_word' id='word_1_206' title='bbox 2237 3717 2348 3783; x_wconf 74' lang='lat' dir='ltr'><strong>nh</strong></span> <span class='ocrx_word' id='word_1_207' title='bbox 2361 3739 2495 3808; x_wconf 80' lang='lat' dir='ltr'><strong>yn-</strong></span> 
     </span>
     <span class='ocr_line' id='line_1_29' title="bbox 364 3832 2497 3925; baseline 0.001 -25"><span class='ocrx_word' id='word_1_208' title='bbox 364 3832 814 3925; x_wconf 84' lang='lat' dir='ltr'><strong>cholepidis</strong></span> <span class='ocrx_word' id='word_1_209' title='bbox 862 3832 1216 3925; x_wconf 57' lang='lat' dir='ltr'><strong>Qeciebus,</strong></span> <span class='ocrx_word' id='word_1_210' title='bbox 1268 3834 1337 3900; x_wconf 90' lang='lat' dir='ltr'><strong>in</strong></span> <span class='ocrx_word' id='word_1_211' title='bbox 1390 3832 1682 3924; x_wconf 87' lang='lat' dir='ltr'><strong>plurimis</strong></span> <span class='ocrx_word' id='word_1_212' title='bbox 1728 3832 2114 3915; x_wconf 83' lang='lat' dir='ltr'><strong>Chavicis,</strong></span> <span class='ocrx_word' id='word_1_213' title='bbox 2163 3833 2376 3904; x_wconf 87' lang='lat' dir='ltr'><strong>minor</strong></span> <span class='ocrx_word' id='word_1_214' title='bbox 2425 3834 2497 3903; x_wconf 89' lang='lat' dir='ltr'><strong>in</strong></span> 
     </span>
     <span class='ocr_line' id='line_1_30' title="bbox 366 3943 2498 4044; baseline 0.001 -26"><span class='ocrx_word' id='word_1_215' title='bbox 366 3943 666 4043; x_wconf 84' lang='lat' dir='ltr'><strong>Piperis</strong></span> <span class='ocrx_word' id='word_1_216' title='bbox 694 3967 769 4020; x_wconf 87' lang='lat' dir='ltr'><strong>et</strong></span> <span class='ocrx_word' id='word_1_217' title='bbox 795 3954 1150 4023; x_wconf 84' lang='lat' dir='ltr'><strong>Cubebae</strong></span> <span class='ocrx_word' id='word_1_218' title='bbox 1177 3952 1537 4044; x_wconf 88' lang='lat' dir='ltr'><strong>speciebus;</strong></span> <span class='ocrx_word' id='word_1_219' title='bbox 1576 3952 1646 4019; x_wconf 91' lang='lat' dir='ltr'><strong>in</strong></span> <span class='ocrx_word' id='word_1_220' title='bbox 1675 3951 2027 4043; x_wconf 87' lang='lat' dir='ltr'><strong>Pipereis</strong></span> <span class='ocrx_word' id='word_1_221' title='bbox 2055 3954 2235 4022; x_wconf 80' lang='lat' dir='ltr'><strong>Novi</strong></span> <span class='ocrx_word' id='word_1_222' title='bbox 2271 3954 2498 4022; x_wconf 86' lang='lat' dir='ltr'><strong>Orbis</strong></span> 
     </span>
     <span class='ocr_line' id='line_1_31' title="bbox 362 4072 2487 4162; baseline 0 -25"><span class='ocrx_word' id='word_1_223' title='bbox 362 4093 620 4162; x_wconf 83' lang='lat' dir='ltr'><strong>semper</strong></span> <span class='ocrx_word' id='word_1_224' title='bbox 649 4073 841 4141; x_wconf 86' lang='lat' dir='ltr'><strong>etiam</strong></span> <span class='ocrx_word' id='word_1_225' title='bbox 875 4075 1042 4142; x_wconf 91' lang='lat' dir='ltr'><strong>bene</strong></span> <span class='ocrx_word' id='word_1_226' title='bbox 1076 4073 1382 4141; x_wconf 87' lang='lat' dir='ltr'><strong>distincta</strong></span> <span class='ocrx_word' id='word_1_227' title='bbox 1432 4086 1671 4153; x_wconf 84' lang='lat' dir='ltr'><strong>exstat,</strong></span> <span class='ocrx_word' id='word_1_228' title='bbox 1717 4072 1830 4139; x_wconf 85' lang='lat' dir='ltr'><strong>sed</strong></span> <span class='ocrx_word' id='word_1_229' title='bbox 1872 4072 1940 4138; x_wconf 89' lang='lat' dir='ltr'><strong>in</strong></span> <span class='ocrx_word' id='word_1_230' title='bbox 1976 4073 2338 4139; x_wconf 85' lang='lat' dir='ltr'><strong>universum</strong></span> <span class='ocrx_word' id='word_1_231' title='bbox 2369 4073 2487 4139; x_wconf 85' lang='lat' dir='ltr'><strong>mi·—</strong></span> 
     </span>
     <span class='ocr_line' id='line_1_32' title="bbox 366 4189 2501 4285; baseline -0 -26"><span class='ocrx_word' id='word_1_232' title='bbox 366 4192 543 4260; x_wconf 85' lang='lat' dir='ltr'><strong>noris</strong></span> <span class='ocrx_word' id='word_1_233' title='bbox 592 4191 1096 4285; x_wconf 74' lang='lat' dir='ltr'><strong>magnitudinis,</strong></span> <span class='ocrx_word' id='word_1_234' title='bbox 1155 4197 1440 4260; x_wconf 61' lang='lat' dir='ltr'><strong>attamen</strong></span> <span class='ocrx_word' id='word_1_235' title='bbox 1491 4192 1564 4260; x_wconf 89' lang='lat' dir='ltr'><strong>in</strong></span> <span class='ocrx_word' id='word_1_236' title='bbox 1621 4192 2011 4283; x_wconf 83' lang='lat' dir='ltr'><strong>quibusdam</strong></span> <span class='ocrx_word' id='word_1_237' title='bbox 2061 4189 2412 4260; x_wconf 80' lang='lat' dir='ltr'><strong>Artanth</strong></span> <span class='ocrx_word' id='word_1_238' title='bbox 2426 4214 2501 4259; x_wconf 89' lang='lat' dir='ltr'><strong>es</strong></span> 
     </span>
     <span class='ocr_line' id='line_1_33' title="bbox 365 4303 2501 4404; baseline 0 -22"><span class='ocrx_word' id='word_1_239' title='bbox 365 4303 700 4402; x_wconf 80' lang='lat' dir='ltr'><strong>speciebus</strong></span> <span class='ocrx_word' id='word_1_240' title='bbox 762 4314 912 4384; x_wconf 82' lang='lat' dir='ltr'><strong>satis</strong></span> <span class='ocrx_word' id='word_1_241' title='bbox 979 4314 1225 4404; x_wconf 78' lang='lat' dir='ltr'><strong>ampla,</strong></span> <span class='ocrx_word' id='word_1_242' title='bbox 1304 4312 1371 4377; x_wconf 88' lang='lat' dir='ltr'><strong>in</strong></span> <span class='ocrx_word' id='word_1_243' title='bbox 1442 4313 1751 4380; x_wconf 84' lang='lat' dir='ltr'><strong>Enckea</strong></span> <span class='ocrx_word' id='word_1_244' title='bbox 1810 4327 1881 4382; x_wconf 85' lang='lat' dir='ltr'><strong>et</strong></span> <span class='ocrx_word' id='word_1_245' title='bbox 1931 4312 2258 4383; x_wconf 83' lang='lat' dir='ltr'><strong>Ottcnia</strong></span> <span class='ocrx_word' id='word_1_246' title='bbox 2312 4305 2501 4404; x_wconf 77' lang='lat' dir='ltr'><strong>parva</strong></span> 
     </span>
    </p>
   </div>
   <div class='ocr_carea' id='block_1_7' title="bbox 2073 4446 2098 4482">
    <p class='ocr_par' dir='ltr' id='par_1_8' title="bbox 2073 4446 2098 4482">
     <span class='ocr_line' id='line_1_34' title="bbox 2073 4446 2098 4482; baseline 0 0"><span class='ocrx_word' id='word_1_247' title='bbox 2073 4446 2098 4482; x_wconf 76' lang='lat'>2</span> 
     </span>
    </p>
   </div>
  </div>
 </body>
</html>
