3153 5134
1446 374 1576 446 22¹7

492 567 639 629 Stolo
669 568 850 647 glaber
882 571 1139 640 radicatus,
1177 571 1474 629 internodiis
1510 577 1658 629 5--6
1692 582 1826 631 cent.
1858 572 2043 648 longis.
2109 568 2290 631 ‘Folia
2320 573 2598 653 membra--

422 676 603 730 naeea,
636 661 976 718 subtilissime
1008 659 1593 734 pellucido-punctulata
1629 659 1929 735 venulisque
1970 660 2243 734 pellucidis
2275 663 2573 733 reticulata,

417 769 573 825 supra
608 752 774 808 nitida
808 751 996 819 laevia,
1039 749 1377 817 atro-viridia,
1421 749 1605 804 subtus
1639 749 1855 822 pallida,
1896 749 2074 824 glabra
2107 751 2189 806 vel
2222 753 2480 808 nascentia
2507 753 2574 808 ad

417 837 612 893 lentem
649 839 708 894 in
740 839 905 895 nervis
935 838 1298 896 obsoletissime
1330 836 1606 912 puberula,
1650 845 1828 905 ovata,
1871 839 2191 908 acuminata,
2227 839 2335 895 basi
2367 842 2571 916 aequali

413 926 646 995 cordata,
681 927 812 983 lobis
840 927 1289 1002 comen-gentibus,
1328 925 1637 992 rotundatis,
1676 926 1924 999 septupli·
1958 926 2040 981 vel
2067 929 2449 984 noveno-nervia
2463 968 2481 998 ,
2520 950 2574 986 m

418 1019 455 1069 3
496 1014 677 1070 mediis
713 1031 864 1089 supra
899 1014 1042 1070 basin
1077 1014 1203 1069 ortis
1235 1012 1298 1068 ad
1339 1012 1535 1087 apicem
1569 1013 1769 1082 ductis,
1803 1019 1986 1084 9—94
2018 1025 2149 1071 cent.
2179 1015 2356 1091 longa,
2394 1020 2571 1084 53—ss

406 1096 549 1171 hta,
584 1103 842 1177 petiolis
877 1108 1023 1160 2-—3
1062 1113 1198 1159 cent.
1225 1100 1419 1175 longis,
1452 1102 1772 1158 nascentibus
1797 1121 1967 1159 versus
1994 1103 2137 1160 basin
2163 1107 2249 1160 sti
2257 1106 2402 1180 pala
2433 1107 2567 1161 dcci-

416 1191 520 1247 dua
550 1191 933 1247 membranacea
961 1200 1180 1265 angusta
1207 1189 1378 1247 alatis.

1423 1342 1560 1364 ῌ

493 1457 569 1510 Ex
602 1454 666 1510 iis
697 1471 833 1531 quae
861 1452 1270 1509 occulatissimus
1304 1463 1560 1509 nummus
1595 1453 1660 1511 dc
1689 1456 1809 1512 ‘viva
1843 1457 1999 1532 stirpe
2025 1467 2083 1514 et
2116 1459 2229 1534 qius
2273 1478 2371 1517 usu
2414 1477 2569 1521 anno-

418 1541 575 1611 tavit,
611 1541 736 1596 haec
770 1559 1168 1597 commemorare
1190 1541 1370 1616 J’uvatx

493 1629 815 1684 Radiculis
845 1628 1002 1684 ae‘reis
1031 1647 1171 1683 secus
1198 1627 1396 1683 arbores
1424 1626 1529 1683 alte
1556 1628 1771 1686 scandit.
1818 1629 1989 1686 Folia
2015 1630 2173 1706 duplo
2202 1633 2395 1707 majora
2421 1653 2481 1689 ac
2509 1634 2566 1688 in

414 1716 677 1773 chavica
707 1716 912 1772 Betele
940 1715 1086 1788 (Siri
1116 1718 1312 1788 Daun)
1338 1734 1397 1771 ex
1424 1717 1570 1790 nigro
1615 1717 1859 1787 virentia,
1904 1719 2044 1773 haud
2088 1719 2430 1793 splendentia,
2479 1741 2569 1776 ru-

412 1822 553 1878 gosa,
577 1802 756 1860 subtus
781 1814 980 1879 praeter
1001 1811 1042 1860 ὅ
1059 1805 1342 1879 majoribus
1366 1805 1554 1872 nervis,
1578 1806 1761 1862 multis
1782 1808 1923 1862 venis
1943 1817 2189 1881 portem,
2217 1828 2415 1883 rugosa.
2472 1813 2568 1865 Sa-

415 1911 523 1966 por
541 1890 705 1967 magis
722 1903 994 1967 penetrans
1014 1912 1073 1948 ac
1091 1892 1255 1960 illius,
1274 1911 1377 1948 non
1396 1892 1519 1948 adeo
1538 1904 1736 1967 gratus,
1754 1904 1804 1949 et
1827 1895 1984 1968 capiti
2006 1896 2265 1953 molestus.
2302 1901 2569 1954 Amenta

414 1979 682 2053 palmaria,
710 1979 990 2035 minimum
1013 1980 1243 2055 digitum
1267 1999 1447 2048 crassa,
1472 1980 1714 2054 pendula,
1742 1982 1990 2055 quaedam
2015 2003 2200 2056 parum
2223 1985 2456 2056 incurva,
2482 2005 2571 2063 cy·

415 2066 658 2142 lindrica,
688 2088 892 2125 sursum
918 2079 1214 2136 attenuata,
1242 2068 1427 2143 glauca
1446 2079 1500 2124 et
1521 2070 1737 2138 cinerea,
1766 2071 1953 2144 saporis
1975 2071 2179 2128 acrioris
2201 2083 2255 2129 et
2277 2075 2438 2149 magis
2458 2095 2568 2131 aro·-

417 2156 595 2212 matici
629 2176 688 2212 ac
717 2155 816 2212 Siri
852 2160 1016 2213 Daun.
1042 2186 1117 2199 —-—
1151 2161 1291 2212 Tres
1323 2177 1469 2230 porro
1501 2156 1731 2231 species
1761 2157 1842 2212 vel
1873 2159 1983 2232 ejus
2013 2159 2349 2217 varietates
2384 2162 2569 2218 distin·

417 2244 536 2321 guit
563 2259 837 2314 nummus,
860 2264 1081 2320 quarum
1108 2245 1248 2301 valor
1269 2243 1473 2313 dubius,
1497 2245 1586 2300 sed
1606 2245 1982 2300 itineratoribus
2006 2244 2210 2301 fortasse
2229 2251 2569 2315 extricandus.

486 2353 544 2388 a.
615 2336 837 2388 Siriboc
865 2336 1001 2389 Pati
1026 2353 1118 2390 seu
1146 2335 1365 2389 Sir-ibon
1394 2335 1563 2409 Ayer,
1600 2334 1639 2390 i.
1668 2353 1715 2388 e.
1745 2332 1885 2388 alba
1915 2353 2015 2388 seu
2046 2354 2269 2409 aquosa
2297 2336 2569 2409 Sir-ilica,

419 2419 555 2476 foliis
586 2422 848 2491 maximis,
881 2423 1136 2493 flaccidis;
1169 2433 1374 2478 amenta
1406 2422 1571 2496 digito
1601 2422 1821 2477 minimo
1855 2423 2121 2490 crassiora,
2155 2433 2297 2478 recta
2311 2463 2328 2492 ‚
2360 2425 2567 2498 glauca,

421 2509 607 2584 aperis
633 2529 734 2566 non
763 2511 906 2570 valde
931 2512 1086 2581 acris,
1120 2511 1205 2567 sed
1234 2522 1407 2567 tamen
1438 2508 1728 2579 aromatici,
1758 2519 1901 2585 grato
1913 2509 2401 2586 odoreosreplentis,
2432 2513 2569 2569 unde

419 2599 485 2657 ad
519 2601 767 2675 Pinangae
794 2602 1196 2657 masticationem
1222 2601 1569 2658 usitatissima.
1649 2601 1802 2655 Rami
1841 2599 2048 2667 virides,
2078 2619 2182 2654 non
2210 2600 2346 2655 fusce
2372 2601 2568 2659 lineati.

493 2691 545 2744 b.
619 2691 836 2743 Sir-ibon
874 2692 1127 2764 Cbmhz‘ng
1150 2687 1272 2744 folia
1300 2689 1431 2764 gerit
1463 2687 1705 2762 longiora,
1738 2697 1790 2741 et
1825 2696 2054 2756 amenta,
2091 2706 2220 2763 quae
2251 2681 2427 2761 palma
2458 2689 2571 2745 lon—

412 2775 586 2851 giora,
629 2777 859 2833 tenuiora
894 2788 950 2833 et
987 2778 1238 2853 rugosiora
1278 2796 1337 2832 ac
1368 2775 1573 2850 prioriS,
1610 2773 1800 2848 saporis
1829 2773 1931 2859 fere
1959 2773 2164 2830 hircini.
2195 2806 2268 2817 -
2298 2781 2382 2830 An
2414 2776 2568 2851 stirps

414 2860 697 2920 masculina
710 2866 736 2919 ¹?

486 2971 539 3010 o.
611 2955 832 3009 Sir-ibon
858 2954 1132 3030 flagrans
1158 2972 1248 3010 seu
1286 2955 1407 3009 Sin·
1442 2952 1769 3019 Culilwwm,
1804 2949 2097 3024 longissima
2128 2958 2183 3005 et
2211 2952 2569 3026 angustissima

413 3043 548 3118 gerit
581 3039 735 3111 folia3
778 3053 1100 3099 amentor-um
1138 3042 1259 3098 odor
1292 3059 1538 3115 saporque
1558 3037 2005 3113 penetranti-ssimi
2044 3045 2098 3091 et
2135 3038 2370 3092 omnium
2414 3039 2562 3095 fervi-

414 3130 639 3200 dissimi,
676 3130 760 3186 sed
791 3140 965 3186 tamen
995 3132 1130 3208 grati
1163 3151 1253 3187 nec
1283 3150 1337 3186 os
1352 3138 1584 3195 urentes,
1609 3137 1753 3201 grato
1767 3125 2045 3181 Culilawan
2061 3144 2153 3181 seu
2175 3127 2564 3203 Caryophyllodi

417 3218 596 3275 cortici
634 3218 947 3288 accedentes3
993 3217 1058 3274 ob
1093 3218 1477 3275 excoriationem
1509 3214 1672 3289 palati
1700 3213 1899 3280 autem,
1951 3232 2108 3287 quam
2136 3223 2375 3282 causant,
2417 3231 2567 3290 parce

418 3306 747 3369 masticanda.
807 3314 868 3363 ln
897 3312 1158 3363 Ter-nate
1183 3306 1353 3362 insula
1383 3316 1438 3361 et
1462 3302 1816 3379 adjacentibus
1833 3301 2123 3357 Moluccis
2148 3302 2227 3356 nil
2247 3303 2349 3358 nisi
2368 3304 2565 3360 Siriboa

419 3395 741 3467 masticatur,
768 3395 824 3450 in
856 3394 1150 3453 Ambuina
1175 3407 1228 3452 et
1255 3395 1460 3450 Banda
1489 3412 1601 3447 vero
1628 3390 1788 3447 simul
1814 3409 1934 3445 cum
1963 3391 2065 3445 Siri
2091 3395 2256 3446 Daun.
2315 3397 2378 3446 In
2400 3391 2567 3449 frusta

413 3483 571 3558 digiti
609 3483 892 3540 articulum
932 3485 1086 3560 longa
1123 3485 1270 3540 scissa
1307 3495 1360 3538 et
1388 3502 1476 3557 per
1507 3481 1878 3556 longitudinem
1909 3479 2026 3535 fissa
2057 3500 2117 3535 ac
2150 3480 2283 3553 calce
2314 3481 2561 3551 obducta,

417 3570 668 3644 Pinangae
697 3571 1054 3645 imponuntur.
1111 3575 1170 3626 In
1189 3574 1284 3626 'ore
1309 3569 1581 3625 fervidiora
1602 3577 1723 3623 sunt
1745 3586 1901 3642 quam
1926 3567 2028 3622 siri
2055 3572 2204 3623 Daun
2227 3579 2277 3623 et
2304 3568 2558 3644 Pinangae

414 3657 632 3713 colorem
670 3657 885 3731 tingunt
919 3659 1081 3733 magis
1115 3659 1356 3726 rubrum,
1401 3657 1604 3713 odorem
1641 3655 1873 3710 fundunt
1908 3655 2216 3729 graviorem,
2258 3658 2558 3731 sanguinem

415 3743 742 3813 calefaciunt,
769 3743 914 3800 facici
946 3746 1184 3802 ruborem
1216 3746 1436 3802 excitant
1461 3747 1528 3816 ¹).
1588 3743 1691 3815 Qui
1722 3762 1835 3799 vero
1864 3743 1945 3799 his
1974 3754 2027 3800 et
2055 3744 2332 3800 acrioribus
2362 3746 2561 3802 duabus

417 3830 495 3905 (h.
527 3841 582 3886 et
611 3832 682 3901 c.)
711 3830 905 3886 adsueti
927 3841 1082 3901 sunt,
1110 3833 1211 3888 siri
1240 3836 1389 3888 Daun
1418 3831 1701 3906 insipidum
1729 3842 1943 3906 putant,
1974 3852 2094 3887 cum
2123 3853 2296 3889 eorum
2326 3834 2561 3909 palatum

412 3919 560 3996 quasi
597 3919 845 3975 callosum
872 3918 1068 3975 factum
1101 3923 1187 3977 sit.
1259 3922 1495 3996 Optima,
1529 3920 1662 3975 dura
1690 3931 1862 3994 carpta
1888 3930 1941 3975 ct
1972 3920 2221 3977 funiculis
2248 3922 2475 3995 adligata
2503 3923 2561 3976 in

415 4017 567 4063 vento
595 4007 853 4063 siccantur
878 4016 931 4062 et
959 4018 1078 4062 tum
1108 4027 1196 4082 per
1228 4026 1311 4063 sex
1339 4027 1529 4063 menses
1557 4007 1838 4063 conservari
1866 4018 2092 4083 possunt.
2120 4041 2193 4056 -
2226 4013 2416 4064 Tencra
2444 4007 2564 4064 folia

415 4096 577 4151 etiam
611 4093 720 4151 loco
750 4094 849 4150 Siri
879 4096 1025 4149 Daun
1053 4095 1308 4150 masticari
1337 4104 1562 4169 possunt.

473 4258 524 4363 -¹)
577 4299 707 4349 Anne
753 4300 806 4348 in
840 4298 929 4349 hac
962 4298 1124 4349 aliisve
1159 4296 1304 4360 hujus
1339 4297 1523 4363 germis
1553 4294 1801 4364 speciebus
1837 4298 2120 4363 principium
2157 4294 2390 4346 inebrians
2423 4307 2479 4346 ut
2517 4300 2567 4347 in

416 4380 728 4451 Macropipere
761 4381 914 4433 adsit?

2117 4470 2208 4508 u*
