3153 5134
1584 380 1721 451 228

566 650 573 656 ⁹
671 579 947 653 Cultura.
1020 581 1169 636 Rami
1207 579 1450 637 radicales
1486 602 1610 637 cum
1651 581 1834 638 radicis
1870 581 2031 639 frusto
2061 579 2228 639 effossi
2258 601 2360 639 non
2393 580 2458 639 ad
2491 580 2631 659 palos
2661 583 2746 638 sed

593 667 658 722 ad
694 667 891 722 arbores
925 669 1215 743 (Calappus‚
1248 670 1462 742 Lingos,
1499 670 1661 724 Kinar
1674 673 1827 742 caet.)
1858 669 2184 745 plantantur,
2208 671 2398 747 quibus
2426 671 2744 746 affligantur,

592 754 749 809 donec
780 773 955 808 earum
994 754 1169 810 cortici
1201 772 1254 810 se
1281 755 1574 824 infixerint3
1611 755 1743 810 Siris
1775 755 1947 811 omnia
1975 757 2041 811 ad
2069 761 2365 830 Morungam
2396 759 2745 813 adscendentis

499 892 504 899 .
593 841 787 896 acriora
814 848 961 910 sunt,
1000 843 1173 897 nunde
1200 843 1471 910 discimus,
1506 854 1715 898 cunctas
1744 844 1872 898 tales
1902 843 2100 918 plantas
2126 845 2322 920 aliquid
2348 845 2655 920 participare
2682 846 2745 901 de

594 939 782 984 natura
811 940 863 984 et
892 950 1063 1005 sapore
1095 931 1336 987 arborum
1367 950 1494 1006 quas
1523 930 1860 998 adscendunt,
1895 942 1951 986 et
1978 950 2198 1007 quarum
2230 933 2503 988 corticibus
2531 952 2630 989 sese
2662 934 2742 988 in-

596 1016 888 1090 plantant.”
918 1050 990 1059 ——
1019 1019 1216 1074 Siriboa
1247 1019 1362 1074 dein
1389 1018 1606 1072 nullum
1631 1017 1797 1072 alium
1818 1029 1995 1074 causat
2017 1018 2260 1088 laborem,
2291 1020 2571 1095 perlongus
2590 1039 2747 1076 annos

597 1104 813 1173 durans,
839 1106 983 1161 caule
1008 1107 1218 1161 demum
1241 1106 1437 1162 brachii
1466 1105 1685 1161 infantis
1708 1106 1949 1166 crassitie.
2017 1108 2190 1163 Serius
2214 1117 2418 1164 amenta
2439 1108 2747 1165 formantur.

675 1279 737 1341 2.
820 1281 1154 1344 Ohavlca
1202 1285 1459 1345 nesse.
1547 1283 1738 1364 Piper
1782 1280 1967 1343 Lina.
2022 1283 2179 1362 Syst.
2235 1284 2298 1346 V
2290 1305 2382 1366 eg.
2413 1284 2518 1344 ed.
2574 1283 2651 1344 14
2672 1281 2739 1362 ¹).

601 1384 845 1444 ,Bm-md
893 1386 1049 1446 Flor.
1100 1386 1237 1447 Ina.
1286 1408 1352 1467 p.
1417 1385 1510 1446 14.
1620 1384 1978 1467 Roxlmrgh!
2017 1386 2201 1460 ,Flon
2264 1385 2400 1446 Ina.
2470 1387 2628 1446 Tom.
2683 1385 2745 1446 Ι.

592 1506 660 1568 p.
719 1486 852 1547 160.
950 1488 1199 1549 Blume!
1266 1490 1329 1552 V
1320 1488 1437 1549 erla.
1497 1488 1719 1548 Baton.
1792 1489 2064 1550 Genoots.
2129 1489 2280 1548 Tom.
2330 1488 2449 1550 ΧΙ.
2490 1510 2559 1569 Ρ.
2598 1488 2739 1550 206.

604 1591 824 1653 Euam.
871 1593 964 1673 pl.
1017 1593 1212 1652 Javae
1244 1594 1412 1673 fasc.
1464 1590 1523 1652 I.
1561 1612 1629 1672 p.
1678 1590 1778 1652 71.
1868 1590 2253 1652 Baelo-Cocli
2298 1589 2520 1653 Rhoed.
2569 1592 2741 1653 flore.

601 1694 740 1753 Mal.
787 1694 942 1755 Tom.
981 1694 1044 1756 V
1036 1694 1124 1754 II
1140 1715 1209 1775 p.
1247 1693 1347 1754 29.
1431 1693 1564 1753 Sin·
1583 1695 1817 1774 folium
1853 1694 2109 1776 Rumph.
2146 1695 2323 1757 Herh.
2362 1695 2540 1755 Anah.
2583 1696 2742 1755 Tom.

606 1796 683 1857 V.
707 1817 773 1876 p.
808 1795 946 1857 336.
979 1829 1063 1841 —
1093 1796 1427 1873 Fruticosa,
1467 1797 1785 1872 scandens,
1825 1797 2128 1873 radiosus,
2163 1796 2346 1859 ramis
2378 1797 2625 1875 striatis,
2657 1796 2743 1857 fo-

599 1901 702 1961 liis
734 1900 1211 1960 membranaceis
1247 1899 1343 1959 vel
1378 1898 1603 1960 adultis
1637 1899 1949 1977 coriaceis,
1996 1900 2381 1961 subtilissime
2412 1898 2745 1980 pellucido·

597 2001 930 2083 punctatis,
976 2022 1155 2081 supra
1190 2001 1462 2062 laevibus
1497 2002 1920 2079 subnitidulis‚
1961 2003 2253 2084 utrinque
2289 2003 2541 2083 glabris,
2580 2002 2744 2063 infe-

596 2105 861 2166 rioribus
897 2105 1086 2165 ovatis
1120 2105 1548 2181 lato-cordatis,
1591 2114 1768 2166 acute
1804 2106 2191 2184 acuminatis,
2232 2104 2742 2187 sequentibusque

601 2205 939 2271 lato-ovatis
993 2207 1410 2288 aequilateris,
1475 2208 1890 2288 superioribus
1947 2207 2399 2289 inaequilateris
2454 2208 2580 2269 basi
2639 2208 2743 2267 in·-

605 2309 847 2389 aequali
894 2309 1114 2370 leviter
1162 2310 1421 2370 cordatis
1471 2312 1570 2371 vel
1620 2311 1990 2390 rotundatis,
2046 2311 2600 2373 brevi-acuminatis
2649 2310 2748 2373 vel

605 2412 823 2489 acutis,
860 2412 957 2472 his
985 2413 1503 2492 septuplinerviis,
1536 2414 1661 2474 illis
1691 2414 2463 2495 noveno-septuplinerviis,
2496 2413 2746 2475 summis

604 2515 911 2599 (inprimis
943 2515 1147 2598 masc.)
1177 2516 1463 2597 ellipticis
1491 2516 2057 2598 quintuplinerviis,
2090 2518 2344 2580 amentis
2372 2517 2746 2598 peduncula·

610 2620 720 2697 tis,
758 2639 941 2681 maso.
981 2621 1309 2700 gracilibus
1348 2621 1719 2700 longioribus
1749 2622 1971 2701 patulis
2005 2622 2104 2683 vel
2136 2620 2414 2698 deflexis,
2452 2620 2594 2681 fem.
2631 2619 2744 2680 de·-

610 2722 812 2800 ssexis,
851 2723 1167 2803 brevibus,
1207 2724 1390 2805 longe
1423 2722 1878 2805 pedunculatis,
1918 2724 2296 2806 stigmatibus
2330 2723 2508 2786 5—6.

678 2846 855 2904 Her-b.
889 2847 1077 2905 Willd.
1111 2869 1167 2905 n.
1201 2852 1348 2904 686?

600 2971 610 2981 -
635 2995 651 3012 .-
680 2939 847 2994 leon.
872 2934 1061 2993 Rheed.
1089 2935 1130 2993 l.
1156 2955 1201 2992 c.
1234 2934 1361 2995 Tab.
1388 2940 1480 2994 15.
1530 2933 1761 3010 Rumpb.
1788 2935 1827 2993 l.
1854 2954 1901 2993 c.
1926 2934 2053 2993 Tab.
2078 2940 2187 2992 116
2216 2935 2311 3011 fig.
2340 2940 2375 2992 2
2401 2936 2454 3006 2)
2482 2933 2578 3009 (pl.
2604 2933 2755 3006 fem.;

607 3021 731 3078 satis
762 3022 896 3079 bona
931 3023 1016 3079 sed
1051 3022 1093 3080 f.
1121 3043 1325 3079 summa
1354 3023 1508 3079 nimis
1535 3023 1780 3095 cordata).
1810 3027 1989 3079 Burm.
2015 3022 2163 3078 Thes.
2193 3021 2335 3096 Zeyl.
2364 3021 2488 3077 Tab.
2504 3025 2575 3077 82
2610 3021 2703 3096 fig.
2717 3025 2753 3076 2

608 3111 708 3185 (pl.
732 3130 906 3180 masc„
932 3111 1066 3167 bona
1090 3122 1144 3166 et
1168 3112 1305 3168 inter
1332 3121 1517 3167 veteres
1541 3111 1737 3185 optima
1762 3110 1849 3166 sed
1871 3128 2076 3166 summa
2098 3119 2308 3164 tantum
2330 3106 2454 3163 folia
2472 3105 2755 3177 exhibens).

604 3199 764 3256 nook.
796 3204 908 3255 sot.
939 3204 1067 3275 Mag.
1097 3199 1220 3258 Tab.
1252 3204 1419 3259 3132.

700 3316 988 3377 Habitat
1037 3315 1105 3375 in
1156 3316 1265 3377 ins.
1301 3314 1616 3376 Suudaicis
1646 3310 2056 3375 verisimiliter
2088 3318 2442 3393 spontanea,
2479 3309 2588 3371 sed
2620 3310 2749 3371 cul-

616 3424 760 3482 tura
794 3418 916 3480 late
947 3439 1058 3498 per
1094 3420 1402 3480 Orientem
1438 3420 1719 3498 dispersa,
1753 3416 1984 3498 ubique
2018 3415 2281 3505 efferata.
2309 3444 2391 3461 -
2420 3413 2534 3473 »In
2569 3432 2755 3473 cunc·

621 3523 699 3583 tis
745 3522 963 3584 crescit
1010 3523 1224 3584 Indiae
1276 3544 1362 3585 or.
1411 3523 1793 3604 regionibus,
1860 3530 1986 3583 tam
2032 3519 2247 3581 Indiae
2295 3517 2516 3581 veteris
2564 3536 2752 3598 quam

683 3796 726 3865 ¹)
759 3798 826 3846 De
858 3814 962 3866 syn.
1002 3798 1264 3847 Linnaeano
1295 3796 1355 3847 ob
1387 3798 1542 3847 icones
1575 3800 1738 3846 citatas
1773 3793 1973 3843 dubium
2004 3810 2098 3842 esse
2130 3792 2292 3861 nequit
2318 3789 2406 3841 etsi
2439 3790 2670 3842 character
2699 3791 2758 3843 ab

616 3900 672 3933 eo
713 3892 925 3934 exaratus
963 3881 1089 3932 haud
1125 3882 1344 3934 sufficiat.
1415 3879 1652 3929 »Petiolus
1690 3877 1993 3928 bidentatus”
2024 3895 2126 3927 raro
2159 3879 2321 3927 saltem
2352 3893 2412 3926 cx
2440 3877 2642 3945 stipulae
2676 3894 2763 3927 ru-

611 3968 819 4018 dimento
849 3969 915 4018 ita
948 3965 1158 4033 adparet.

635 4079 640 4085 .
690 4047 734 4118 ²)
781 4051 848 4099 ΒΘ
887 4065 1141 4117 synonymo
1184 4043 1391 4111 Rumph.
1441 4043 1629 4101 nulium
1683 4041 1882 4093 dubium
1933 4060 2029 4092 esse
2080 4054 2232 4111 potest
2276 4061 2384 4094 cum
2426 4044 2484 4095 de
2523 4046 2592 4112 pl.
2638 4047 2763 4103 iuter

618 4135 818 4201 populos
846 4133 985 4182 Indos
1009 4133 1242 4181 notissima
1273 4145 1420 4178 sermo
1447 4130 1527 4191 sit,
1564 4140 1613 4177 et
1641 4127 1889 4195 descriptio
1910 4129 2066 4196 itaque
2091 4129 2236 4196 magis
2260 4128 2411 4177 valeat
2435 4144 2573 4195 quam
2597 4128 2765 4195 figura.

614 4220 846 4268 Inuum
885 4218 1068 4267 iconem
1116 4214 1236 4264 hanc
1286 4210 1534 4279 aliquando
1572 4211 1634 4263 ad
1695 4213 1749 4264 P.
1795 4212 1988 4280 longum
2035 4211 2243 4276 citabat,
2290 4212 2343 4261 in
2395 4209 2555 4260 eadem
2599 4210 2764 4263 nbula

616 4301 707 4351 ouh
737 4304 820 4369 fig.
855 4304 882 4352 1
918 4300 1188 4368 depictum,
1221 4313 1363 4365 quare
1396 4298 1586 4348 somus
1615 4296 1679 4351 cl.
1710 4309 1860 4349 nm
1886 4297 1942 4353 iu
1976 4312 2177 4350 errooem
2203 4247 2379 4351 incidit
2407 4304 2459 4346 et
2486 4294 2582 4384 siri
2593 4294 2764 4348 solium

620 4387 678 4435 R.
715 4402 820 4436 cum
855 4386 907 4437 Ρ.
943 4384 1082 4452 longo
1111 4399 1196 4435 suo
1228 4382 1491 4447 conjunxit.
