3153 5134
1418 369 1554 435 289

378 555 437 622 in
480 566 684 635 Sinam,
732 564 1026 641 Japoniam,
1074 561 1397 636 Bengaliam,
1439 561 1732 620 Amerieam
1770 561 1909 623 foed.
1948 563 2169 628 vehitur.
2213 600 2282 614 --
2316 565 2531 628 Cultura

376 652 630 728 perfacilis
657 652 848 728 absque
877 651 1047 707 multo
1070 651 1238 706 labore
1265 650 1549 725 perficitur.
1982 650 1986 656 '

449 742 533 796 Ad
544 741 807 797 notatio.
893 739 1039 795 Haud
1069 736 1407 811 improbabile
1437 737 1568 792 mihi
1600 737 1833 805 videtur,
1864 736 1991 794 duas
2020 750 2285 815 sequentes
2310 743 2528 816 species,

375 827 653 885 Gubehae
693 826 1004 884 officinali
1046 824 1326 879 arctissime
1358 833 1627 897 cognatas,
1663 824 1881 896 optimas
1910 824 2068 880 etiam
2101 827 2317 884 baccas
2348 831 2529 887 Gube-

375 915 485 972 bae
530 917 585 972 in
632 937 787 973 usum
831 916 1091 971 medicum
1122 912 1300 987 largiri
1330 931 1481 986 posset
1552 916 1684 967 Nam
1712 912 1759 966 si
1782 930 1959 966 earum
1988 912 2166 968 baccas
2194 923 2318 978 ‚tum
2352 919 2525 992 quoad

375 1015 692 1061 structuram
738 1014 857 1059 tum
890 1021 1020 1078 quae
1056 1001 1259 1057 odorem
1290 1009 1342 1054 et
1370 1017 1598 1073 saporem
1623 1010 1883 1073 spectant,
1918 1018 2206 1074 comparas,
2241 1004 2327 1059 vix
2361 1006 2531 1061 ullam

373 1093 586 1166 reperies
609 1091 969 1148 differentiam.
1019 1088 1170 1163 Quod
1198 1087 1408 1163 quidem
1431 1087 1555 1142 viris
1584 1087 1772 1162 quibus
1792 1087 1848 1141 in
1862 1087 2074 1143 coloniis
2087 1090 2300 1164 anglicis
2312 1093 2530 1148 asiaticis

372 1179 556 1235 basum
605 1199 778 1236 rerum
822 1198 945 1234 cura
973 1187 1082 1245 est,
1116 1174 1581 1232 commendandum
1611 1171 1843 1241 videtur,
1879 1192 2000 1229 cum
2032 1174 2278 1233 Cubeba
2307 1179 2524 1234 Walli·

372 1266 533 1336 ehii,
569 1268 724 1343 stirps
749 1266 807 1323 in
833 1265 940 1322 illis
966 1264 1115 1320 terris
1140 1261 1402 1336 indigena,
1437 1260 1628 1337 absque
1654 1260 1876 1335 graviore
1905 1260 2075 1318 labore
2105 1262 2244 1319 hune
2273 1264 2331 1320 in
2362 1265 2527 1322 finem

372 1354 473 1411 ooli
501 1365 681 1429 posset.

446 1441 829 1498 Observatio.
880 1436 1266 1497 Verisimillimc
1292 1435 1359 1492 sd
1390 1446 1552 1490 unam
1584 1429 1766 1491 harum
1795 1429 2075 1510 specierum
2101 1432 2323 1512 pertinet
2351 1439 2529 1514 Piper

369 1531 718 1587 coriaceum
747 1526 1119 1603 (Peperomia
1145 1524 1353 1596 Loud.)
1387 1523 1562 1580 Vahl.
1590 1525 1804 1580 Enum.
1830 1528 1990 1582 Tom.
2021 1532 2065 1583 1.
2091 1531 2288 1600 p.314.
2373 1529 2528 1587 Foliis

371 1617 793 1675 lato-lanceolatis
820 1616 1102 1675 attenuatis
1126 1613 1363 1671 coriaceis
1391 1611 1614 1688 glabris,
1639 1612 1857 1669 amentis
1883 1612 2005 1670 folio
2032 1612 2375 1689 hmviorihus,
2403 1615 2524 1675 bao—

367 1705 442 1763 cis
470 1705 798 1781 pedieellatis.
830 1729 904 1748 -ὴ
939 1703 1084 1761 nah.
1110 1703 1168 1759 in
1193 1701 1308 1759 1nd.
1336 1699 1588 1757 orientali.

451 1895 516 1958 2.
594 1891 910 1961 capelia
947 1890 1372 1958 Wa'mehfl.
1454 1890 1648 1976 Pajm
1668 1889 2016 1956 rihesioides
2054 1895 2352 1959 Watliok!
2382 1892 2521 1961 Lice

372 2012 438 2058 u.
488 1996 678 2078 1676,
729 1999 838 2083 (an
878 2009 936 2059 et
982 1996 1186 2080 6637).
1263 1997 1537 2059 Ramulis
1574 1996 1935 2075 petiolisque
1970 1997 2321 2076 junioribus
2358 1994 2521 2063 foliis

372 2101 755 2163 nascentibus
795 2101 1008 2162 subtus
1047 2100 1114 2161 in
1155 2100 1359 2161 nervis
1401 2097 1790 2161 subtilissime
1831 2098 2094 2161 hirtellis
2107 2147 2128 2178 ,
2176 2102 2356 2166 citius
2395 2102 2521 2184 gla—

373 2201 602 2286 bratis„
619 2200 716 2265 bis
744 2204 1032 2267 coriaceis
1056 2195 1492 2285 epunctulatis,
1522 2195 1798 2281 oblongis
1822 2213 2042 2281 parum
2069 2198 2525 2287 inaequilateris

374 2308 765 2369 acutiusculis
777 2354 797 2386 ‚
845 2307 978 2369 basi
1023 2308 1266 2388 aequali
1312 2305 1618 2388 profunde
1661 2303 1954 2381 cordatis,
1994 2297 2147 2368 lobis
2180 2309 2523 2372 rotundatis

373 2410 982 2490 perpendicularihus
1020 2410 1294 2472 discretis
1308 2455 1328 2487 ,
1365 2423 1627 2471 noveno·
1672 2407 1774 2469 vel
1811 2406 2239 2486 13-plinerviis
2250 2453 2272 2488 ,
2316 2412 2521 2473 nervis

369 2509 411 2572 3
445 2512 662 2575 mediis
692 2514 984 2577 remotius
1016 2532 1053 2576 a
1087 2513 1214 2575 basi
1248 2512 1393 2574 ortis
1406 2558 1426 2591 ,
1464 2510 1721 2574 amentis
1754 2509 2076 2571 bacciferis
2107 2511 2330 2591 patulis
2361 2531 2518 2577 cras-

369 2612 447 2674 sis
461 2661 482 2692 ,
538 2615 739 2678 baccis
794 2617 1030 2679 alveolo
1084 2615 1467 2677 bractearum
1524 2613 2032 2674 hilum-truncato
2083 2620 2295 2691 aperto
2350 2614 2515 2678 intus

369 2723 561 2779 setoso
604 2718 831 2780 innixis
844 2764 863 2797 ,
911 2716 1170 2798 globosis
1183 2763 1203 2795 ,
1249 2718 1598 2797 stigmatum
1641 2714 1925 2775 cicatrice
1955 2714 2166 2794 paullo
2209 2723 2513 2794 protracta

372 2821 689 2901 apiculatis
701 2867 723 2900 ,
755 2822 1060 2904 pedicello
1093 2837 1332 2882 sursum
1377 2836 1597 2901 parum
1645 2817 1966 2879 incrassato
2008 2817 2219 2898 paullo
2269 2816 2515 2882 brevio·—

371 2923 555 2986 ribus.

447 3026 755 3090 Habitat
786 3028 853 3087 in
888 3023 1071 3106 sylvis
1109 3022 1554 3105 Chappedong,
1599 3020 1700 3085 2³.
1745 3019 1898 3083 Iulii
1935 3018 2094 3085 1827
2128 3038 2274 3084 cum
2307 3020 2511 3086 baccis

365 3130 631 3192 ‘maturis
665 3129 772 3211 (W
774 3126 988 3192 allich!
1029 3127 1073 3189 1.
1113 3124 1194 3207 c.)

435 3322 634 3396 Species
660 3321 905 3397 insignis,
938 3318 1146 3381 habitas
1173 3312 1393 3398 proceri,
1429 3308 1703 3379 cubebae
1733 3319 2128 3377 sumatranae
2174 3312 2385 3390 affinis,
2421 3316 2510 3378 sed

365 3402 505 3466 foliis
544 3410 785 3467 onmibus
827 3409 938 3466 basi
983 3411 1240 3485 profunde
1265 3411 1483 3467 cordatis
1498 3449 1516 3479 ,
1551 3410 1729 3465 minus
1758 3398 1993 3464 coriaceis
2010 3447 2028 3477 ,
2064 3407 2248 3464 subtus
2278 3409 2364 3465 vix
2390 3408 2512 3465 reti-

361 3492 551 3554 culatis
568 3536 586 3566 ,
620 3508 893 3553 nervorum
923 3496 1250 3573 dispositione
1265 3538 1284 3569 ,
1319 3497 1485 3555 baccis
1512 3493 1785 3571 spiculatis
1815 3486 1966 3552 facile
1993 3494 2373 3571 distinguenda.

438 3588 629 3640 Frutex
654 3582 926 3651 scandens,
960 3583 1214 3653 radicans,
1250 3584 1570 3642 radieellis
1600 3604 1630 3640 e
1661 3584 1807 3640 nodis
1836 3593 1891 3639 et
1931 3583 2230 3639 internodiis
2269 3583 2396 3639 ortis
2426 3601 2510 3639 ar⁴

361 3670 547 3728 borum
580 3669 758 3727 cortici
788 3669 1067 3728 arctissime
1095 3672 1355 3747 applicitis
1384 3668 1540 3749 inque
1564 3690 1685 3727 eum
1709 3670 2109 3746 penetrantibus.
2181 3672 2357 3726 Remi
2384 3671 2510 3728 sub·

361 3767 549 3816 teretes
590 3758 1006 3828 sulcato-striati,
1058 3760 1261 3835 glabri,
1312 3760 1505 3828 laeves,
1555 3758 1789 3814 ramuli
1833 3758 2282 3832 anguloso-teretes
2307 3758 2510 3828 striati,

351 3846 587 3922 juniores
642 3842 973 3901 subtilissime
1033 3845 1535 3921 birtello-puberuli3
1584 3845 1706 3900 nodi
1755 3844 1906 3900 crassi
1919 3880 1938 3913 9
1994 3840 2298 3919 plerumque
2340 3845 2510 3901 medio

360 3933 657 4003 constricti3
693 3931 980 3987 internodia
1023 3938 1240 3989 14-13
1278 3943 1412 3989 cent.
1438 3933 1611 4006 longa.
1683 3923 1853 3986 Folia
1888 3929 2204 4006 longiuscule
2238 3931 2510 4005 petiolata,

360 4017 584 4078 coriacea
598 4059 616 4090 ,
665 4038 817 4095 opaca
832 4058 850 4088 ,
901 4013 1043 4076 haud
1073 4020 1587 4094 pellucido—punctam
1607 4058 1625 4087 ,
1660 4018 1747 4074 sed
1776 4011 1885 4074 luci
1914 4013 2114 4075 obversa
2147 4020 2283 4075 inter
2316 4020 2508 4076 areolas

357 4106 447 4165 hic
475 4108 586 4164 illic
616 4107 1015 4184 transparentiaf,
1048 4107 1226 4163 adulta
1257 4108 1498 4182 utrinque
1522 4105 1725 4181 glabra,
1759 4106 2016 4161 nascentia
2048 4106 2226 4162 subtus
2254 4107 2310 4162 in
2341 4108 2509 4163 nervis

361 4215 535 4253 versus
579 4194 725 4253 basin
774 4195 1108 4254 subtilissime
1150 4194 1386 4264 hirtella,
1437 4194 1621 4250 subtus
1646 4193 1917 4268 pallidiora
1932 4232 1950 4261 ,
1984 4193 2201 4269 oblonga
2229 4194 2307 4250 vel
2338 4206 2507 4250 ovato-

356 4282 575 4361 oblonga
603 4285 1037 4363 subaequilatera‚
1072 4281 1395 4358 marginibus
1425 4281 1772 4356 planiuscula,
1809 4298 1976 4335 versus
2005 4282 2202 4354 apicem
2231 4300 2505 4358 parumper

355 4381 622 4433 attenuata
662 4384 719 4433 et
761 4374 1114 4448 acutiuscula,
1162 4371 1269 4430 basi
1296 4368 1591 4445 subaequali
1622 4366 1870 4444 profunde
1897 4366 2104 4424 cordata
2119 4406 2139 4438 ,
2174 4366 2299 4426 iobis
2326 4381 2505 4430 rotun.

2061 4462 2111 4501 1⁹
