3153 5134
1612 336 1700 405 ,22

596 552 665 607 et
711 539 1005 632 pluribus
1035 541 1359 633 speciebus
1397 543 1905 633 Peperomiae
1952 548 2120 614 Sect.
2168 526 2726 644 micropiperis

602 678 998 731 amemcanls.
2284 686 2291 689 ·

692 783 773 847 In
836 775 1178 867 Pipereis
1235 773 1743 844 bractearum
1781 797 2030 868 semper
2076 779 2214 847 fere
2256 782 2730 872 persistentium

597 901 810 970 multo
841 898 1047 988 major
1073 896 1398 969 diversitas
1425 893 1520 965 est
1546 910 1614 965 et
1644 880 1909 989 insignis
1934 898 2223 990 inprimis
2251 902 2423 971 inter
2453 928 2729 999 geron-

598 1035 912 1112 togaeas
962 1031 1032 1086 et
1079 1017 1560 1086 americanas
1610 1017 1977 1103 differentia
2030 1021 2420 1094 observatur.
2510 1031 2589 1096 In
2630 1031 2733 1101 his

593 1140 1208 1210 coriaceo-carnosae
1223 1186 1241 1219 ,
1288 1139 1597 1209 rarissime
1626 1139 1825 1230 magis
1852 1141 2407 1227 membranaceae,
2453 1162 2569 1216 aut
2597 1168 2722 1241 pe-

588 1260 1195 1351 dicellato-peltatae
1213 1309 1232 1341 ,
1283 1258 1459 1349 pelta
1507 1257 1885 1340 orbiculari,
1938 1259 2053 1327 tri-
2088 1262 2187 1330 vel
2217 1265 2724 1358 quadrangulari

590 1379 813 1450 etiam
838 1377 1238 1459 semilunari,
1285 1391 1514 1446 centro
1554 1379 1734 1445 nuda
1778 1398 1964 1470 saepe
1993 1380 2381 1472 glandulosa
2400 1434 2420 1466 ,
2466 1387 2718 1458 ambitu

590 1500 800 1586 eiliata
850 1499 952 1568 vel
1001 1497 1215 1567 villosa
1234 1544 1253 1578 ,
1315 1495 1632 1588 pedicello
1678 1497 2290 1589 perpendiculariter
2333 1501 2431 1572 axi
2477 1503 2720 1578 inserto

585 1620 995 1697 teretiusculo
1015 1670 1032 1701 ,
1087 1631 1156 1695 et
1204 1617 1589 1708 plerumque
1630 1639 1668 1684 a
1700 1616 1988 1687 faciebus
2032 1640 2390 1711 compresso
2408 1668 2426 1704 ,
2474 1625 2719 1716 margi..

580 1741 774 1815 nibus
821 1752 1164 1808 extenuato
1204 1736 1294 1828 (in
1335 1735 1626 1826 plurimis
1676 1737 2133 1806 Artanthes
2177 1741 2545 1832 speciebus,
2575 1748 2715 1816 Poa-

580 1857 1086 1949 thomorphe)
1141 1869 1256 1925 aut
1284 1856 1459 1946 pelta
1505 1854 1956 1955 pedicelloque
2001 1882 2038 1929 a
2081 1859 2244 1928 facie
2274 1863 2502 1931 antica
2547 1888 2715 1935 con-

569 1978 806 2050 cavatis
824 2031 844 2060 ,
912 1979 1211 2055 bracteae
1269 1973 1691 2068 pedicellatae
1745 1976 2012 2047 inflexo·
2043 1979 2158 2053 ,vel
2202 1982 2709 2059 conchaeformi-

571 2100 854 2193 peltatae
895 2099 989 2191 (in
1022 2094 1314 2190 plurimis
1358 2118 1456 2187 sp.
1503 2097 1977 2180 Artanthes,
2022 2099 2493 2195 Peltobryo,
2541 2106 2709 2174 Cal-

573 2218 897 2308 lianira)
930 2219 1265 2293 sistuntur.
1354 2218 1433 2281 In
1464 2215 1602 2283 aliis
1633 2216 1982 2307 pedicellus
2014 2232 2088 2287 et
2112 2220 2286 2311 pelta
2321 2222 2501 2292 haud
2531 2248 2709 2319 sepa-

536 2374 540 2379 ·
571 2341 724 2424 rati,
761 2342 1062 2413 bracteae
1094 2335 1626 2407 conchaeformes
1648 2392 1651 2396 Α
1675 2337 1865 2418 dorso
1896 2339 2152 2408 villosae
2180 2342 2709 2437 marginibusque

568 2462 820 2535 ciliatae
868 2459 1273 2539 Enckeae,
1298 2469 1438 2533 ,aut
1487 2456 1738 2525 concha·
1787 2457 1983 2549 apicis
2030 2460 2218 2530 valde
2245 2479 2588 2533 concavata
2634 2481 2705 2538 et

568 2583 810 2675 postice
852 2594 1180 2673 protracta
1221 2579 1521 2647 bracteae
1562 2579 1847 2669 galeatae
1888 2582 1944 2647 Ο
1958 2594 1988 2649 t
2002 2582 2268 2650 toniae
2304 2586 2698 2658 exoriuntur.

550 2703 675 2773 Sic
724 2704 896 2772 inter
940 2700 1323 2771 evolutionis
1366 2700 1535 2791 leges
1580 2700 1751 2768 bene
1802 2702 2309 2793 circumscriptas
2367 2704 2592 2780 variae
2624 2732 2700 2777 ac

565 2824 855 2896 diversae
911 2822 1267 2891 admodum
1327 2820 1729 2894 bractearum
1776 2823 1966 2891 flores
2024 2823 2403 2914 stipantium
2455 2828 2700 2899 formae

567 2960 741 3014 sunt.
787 2950 865 3013 In
899 2961 1084 3037 gero
1100 2940 1458 3033 ntogaeis
1483 2941 1824 3031 generibus
1842 2941 2147 3032 ,bracteae
2172 2958 2325 3017 sunt
2349 2947 2693 3033 coriaceae,

568 3069 861 3161 glabrae,
909 3063 1221 3135 rarissime
1267 3062 1531 3154 pilosae,
1567 3061 1757 3132 dorso
1788 3083 1897 3131 seu
1932 3061 2097 3130 facie
2128 3065 2435 3134 exteriore
2465 3069 2693 3151 laeves,

567 3191 828 3285 glabrae
848 3239 865 3268 ,
912 3187 1023 3258 sed
1069 3184 1299 3253 subtus
1342 3181 1524 3252 haud
1573 3203 1716 3260 raro
1760 3181 2025 3273 pilosae3
2083 3183 2499 3273 pedicellatae
2548 3190 2693 3278 pel-

565 3325 741 3381 tatae
789 3321 969 3378 extus
1017 3307 1219 3374 laeves
1261 3301 1521 3395 glabrae
1567 3300 1960 3393 marginibus
1987 3315 2369 3371 extenuatae
2401 3305 2469 3372 in
2503 3307 2694 3375 Cha-

568 3432 739 3501 vica
767 3444 837 3498 et
866 3424 1399 3516 Macropipere
1433 3436 1500 3492 et
1533 3423 1752 3514 paullo
1786 3423 2059 3512 majores
2093 3422 2163 3492 in
2195 3424 2468 3492 amentis
2501 3426 2694 3495 femi-

561 3552 699 3622 neis
732 3572 807 3618 ac
838 3545 1233 3627 masculinis,
1281 3544 1350 3612 in
1394 3542 1854 3633 Coccobryo
1898 3540 2130 3609 similes
2172 3543 2283 3611 sed
2332 3546 2686 3629 tenuiores,

561 3674 634 3741 in
693 3664 1363 3762 Rhyncholepide
1419 3664 1594 3755 pelta
1655 3663 1893 3754 angulo
1942 3663 2262 3753 superiore
2312 3662 2379 3734 in
2431 3666 2684 3738 aristam

555 3794 820 3881 longam
851 3785 1132 3855 ciliatam
1166 3799 1422 3853 extensa
1452 3797 1569 3854 est.
1631 3784 1877 3853 Soesiles
1909 3798 2062 3854 sunt
2095 3786 2391 3858 bracteae
2421 3790 2517 3859 vel
2554 3790 2689 3858 fere

557 3909 791 3979 sessiles
839 3907 908 3973 in
956 3904 1289 3975 Cubeba
1334 3919 1403 3973 et
1450 3899 1783 3995 Pipere,
1838 3904 1908 3972 in
1956 3906 2061 3974 illa
2114 3908 2432 4000 oblongae
2462 3922 2687 3978 centro

551 4034 688 4100 lato
722 4030 982 4108 affixae,
1029 4026 1097 4093 in
1134 4026 1258 4094 hoc
1295 4025 1540 4117 saepius
1581 4025 1768 4093 valde
1812 4026 2184 4118 elongatae,
2232 4027 2408 4118 quasi
2445 4028 2685 4096 decur-

557 4165 801 4232 rentes,
852 4161 1027 4217 totae
1075 4160 1328 4239 praeter
1378 4145 1622 4239 apicem
1642 4198 1660 4228 ,
1707 4146 1886 4215 basin
1918 4160 1986 4216 et
2019 4146 2334 4238 margines
2365 4147 2643 4217 adnatae
2659 4201 2679 4231 ,

551 4269 838 4364 apicibus
869 4282 938 4339 et
972 4267 1229 4337 basibus
1274 4266 1533 4337 elevatis
1564 4280 1633 4337 et
1665 4265 1757 4337 ita
1787 4265 2127 4358 dispositae
2144 4315 2161 4349 ,
2209 4280 2289 4336 ut
2320 4266 2524 4358 quivis
2562 4270 2683 4342 flos
