3153 5134
1423 385 1547 446 317

507 581 798 648 Habitat
830 603 1009 664 snpra
1044 582 1326 643 arborum
1360 590 1605 643 truncos
1635 583 1701 641 in
1730 582 1926 643 insula
1956 583 2142 645 Nussa
2158 584 2545 666 Kambangan

428 690 505 750 ad
555 709 720 750 oram
773 688 990 749 merid.
1041 686 1222 747 Javae
1239 731 1258 762 ,
1297 705 1420 746 non
1452 685 1669 764 procul
1705 705 1739 746 a
1769 686 1973 747 littore
2005 685 2276 768 (Blume!
2319 691 2363 753 l.
2398 711 2448 751 c.
2485 698 2548 751 et

424 790 492 852 in
519 793 694 853 Herb.
727 812 848 869 reg.
885 786 1098 870 berol.)

492 942 675 994 Frntex
711 939 866 1012 juxta
908 935 1145 992 arborum
1193 944 1399 989 truncos
1443 935 1700 990 scandens.
1789 935 1965 990 Rami
2010 954 2132 989 ram
2145 937 2362 1013 ulique
2389 939 2552 1013 cylin-

418 1026 576 1095 drici,
630 1026 812 1100 lignosi
830 1065 848 1094 ,
899 1023 1196 1091 medullosi,
1247 1021 1471 1076 medulla
1522 1023 1652 1077 sicca
1694 1021 1833 1078 fusce
1878 1024 2069 1097 grisea,
2104 1025 2305 1094 striati,
2340 1028 2553 1095 cinerei,

418 1114 617 1187 glabri,
649 1113 943 1167 internodiis
975 1111 1303 1167 subflexuosis
1318 1150 1335 1179 ,
1372 1115 1553 1165 6--10
1582 1111 1885 1186 plerumque
1912 1116 1947 1166 8
1973 1122 2102 1176 cent.
2130 1112 2291 1187 longis
2306 1153 2323 1181 ,
2358 1114 2554 1169 interio-

415 1203 557 1258 ribus
603 1221 793 1277 pennae
830 1201 1087 1256 anserinae
1124 1199 1387 1267 crassiti03
1423 1198 1542 1252 nodi
1578 1198 1768 1252 tumidi
1785 1237 1803 1266 ,
1838 1218 1899 1253 ex
1931 1218 2100 1254 aversa
2128 1200 2236 1255 lolii
2270 1199 2395 1256 facie
2421 1203 2556 1258 radi-

415 1291 559 1346 cellis
584 1289 819 1345 brevibus
840 1289 1012 1344 crassis
1039 1307 1178 1361 saepe
1201 1286 1456 1342 uncinatis
1476 1286 1737 1341 instructi.
1787 1286 1956 1341 Folia
1975 1287 2165 1361 patula.
2217 1289 2555 1345 Pednnculi

416 1380 719 1435 semiteretes
741 1417 759 1446 ,
807 1376 1120 1432 crassiusculi
1133 1415 1150 1443 ,
1205 1375 1496 1430 subcurvati
1535 1375 1618 1428 vel
1664 1375 1873 1430 flexuosi
1892 1414 1910 1443 ,
1960 1376 2122 1431 antice
2162 1376 2301 1431 sulco
2338 1387 2555 1451 angusto

415 1467 688 1542 profundo,
713 1466 929 1536 23—1}
949 1474 1081 1519 cent.
1105 1463 1260 1536 longi.
1311 1465 1596 1518 Laminae
1618 1460 1907 1519 foliorum
1936 1462 2304 1519 inferiorum
2325 1465 2552 1534 latiores,

416 1554 925 1611 subrotundo-ovatae
941 1592 957 1619 ,
1009 1551 1118 1606 basi
1161 1550 1265 1605 lata
1303 1561 1595 1620 truncatae,
1630 1551 1932 1607 rotundatas
1960 1552 2066 1607 imo
2094 1552 2397 1623 subexcisae,
2418 1554 2558 1628 apice

415 1644 617 1718 oblique
642 1642 857 1696 breviter
884 1640 988 1695 late
1011 1648 1102 1694 aut
1127 1649 1337 1712 anguste
1367 1640 1692 1694 acuminatae
1711 1678 1729 1707 ,
1750 1644 1965 1695 11—12
1999 1650 2133 1695 cent.
2164 1640 2368 1714 longae,
2405 1646 2550 1699 8-9

413 1730 564 1784 latae.
649 1728 1043 1800 Superior-um
1085 1727 1390 1801 angustiores
1438 1726 1677 1800 oblongae
1724 1727 1805 1781 vel
1849 1726 2289 1801 ovato-oblongae,
2331 1728 2436 1784 basi
2467 1750 2549 1785 ro·

415 1816 635 1871 tundata
674 1835 856 1890 parum
887 1814 1170 1890 inaequales
1201 1814 1337 1889 apice
1366 1813 1561 1888 longius
1588 1816 1905 1869 acuminatas
1921 1855 1938 1884 ,
1971 1814 2436 1890 inaequilaterales,
2473 1821 2548 1874 14

413 1912 548 1958 cent.
574 1903 775 1976 longae,
813 1905 958 1957 8—'7
981 1903 1137 1958 latae.
1208 1906 1475 1977 Compages
1504 1904 1717 1957 coriacea
1748 1922 1839 1958 nec
1869 1903 2013 1958 valde
2038 1923 2227 1972 crassa,
2259 1905 2325 1959 ad
2354 1905 2548 1961 lentem

410 1990 1001 2066 pellucido-punctnlata.
1072 1991 1259 2065 Pagina
1303 1992 1526 2063 superior
1568 1989 1742 2064 glabra
1787 1990 2044 2045 subnitida
2064 2030 2081 2058 ,
2116 1991 2320 2047 interior
2349 1992 2405 2047 in
2435 1993 2549 2047 vivo

410 2077 844 2152 albido-punctata
861 2117 878 2146 ,
913 2078 970 2132 in
1015 2078 1143 2133 sicco
1173 2078 1308 2134 lente
1340 2078 1547 2134 fortiore
1574 2089 1837 2151 conspecta
1868 2079 2081 2134 maculis
2111 2080 2404 2136 tenuissime
2425 2081 2548 2136 floc-

406 2166 532 2220 cosis
560 2166 727 2241 (quasi
757 2166 1049 2221 Erineorum
1081 2165 1391 2240 primordiis)
1424 2175 1618 2221 notata.
1704 2167 1853 2220 Nervi
1876 2166 1931 2220 in
1960 2166 2145 2240 pagina
2172 2167 2406 2223 inferiore
2433 2188 2546 2242 pro-

406 2254 657 2312 minentes
702 2254 952 2329 quinque,
1004 2253 1107 2309 sere
1154 2274 1181 2310 e
1226 2254 1362 2323 basi,
1419 2263 1521 2309 tres
1564 2253 1835 2326 superiores
1879 2254 2151 2328 aliquando
2188 2256 2360 2329 paullo
2390 2275 2545 2330 supra

404 2340 546 2397 basin
590 2342 803 2415 egressi,
852 2341 954 2395 duo
999 2341 1250 2397 inferiores
1293 2340 1498 2415 reliquis
1527 2341 1778 2396 tenuiores
1805 2360 1974 2396 versus
2005 2343 2254 2416 margines
2282 2343 2544 2400 tendentes

404 2430 461 2485 in
492 2430 659 2485 media
689 2427 969 2483 altitudine
997 2427 1299 2482 delitescunt
1314 2468 1331 2496 ,
1366 2428 1562 2482 medius
1589 2428 1653 2482 ad
1684 2428 1907 2502 apicem,
1946 2427 2047 2482 duo
2072 2429 2325 2486 adstantes
2353 2429 2455 2486 sere
2477 2432 2544 2488 ad

409 2518 599 2592 apicem
644 2526 945 2593 percurrunt
958 2555 975 2584 ‚
1011 2515 1092 2570 sed
1124 2535 1224 2571 non
1251 2516 1422 2590 procul
1456 2517 1521 2572 ab
1549 2536 1607 2573 eo
1633 2518 1688 2572 in
1717 2517 2106 2573 anastomosium
2153 2536 2298 2573 arcus
2341 2537 2543 2576 evanes-

407 2613 552 2660 cunt.
612 2605 691 2659 Ad
722 2606 882 2660 imam
911 2604 1049 2658 basin
1084 2603 1184 2659 duo
1213 2604 1501 2658 tenuissimi
1531 2623 1591 2660 ac
1613 2604 1892 2659 brevissimi
1914 2605 2129 2662 nervuli.
2200 2612 2542 2665 Anastomoses

407 2701 581 2746 tenues
611 2710 793 2765 parum
827 2691 1134 2764 conspicuae.
1186 2692 1427 2764 Margines
1454 2690 1780 2747 subrevoluti.
1838 2692 2082 2765 Stipula
2111 2694 2541 2767 oppositifolia

405 2778 781 2835 membranacea
804 2779 1005 2854 glabra,
1030 2777 1320 2845 convoluta,
1339 2778 1632 2846 lanceolata,
1650 2779 1946 2833 centimetro
1958 2780 2174 2853 longior,
2197 2780 2299 2836 cito
2312 2781 2540 2843 decidua.

402 2869 658 2921 Amenta
687 2865 743 2919 in
771 2864 1019 2940 supremis
1046 2863 1360 2918 ramulorum
1393 2864 1617 2938 apicibus
1637 2864 1989 2939 oppositilolia,
2025 2867 2373 2939 pedunculo
2394 2871 2537 2928 brevi

401 2959 435 3010 1
484 2963 616 3009 cent.
658 2954 856 3009 circiter
896 2954 1046 3028 longo
1091 2963 1313 3009 sustenta
1331 2994 1347 3021 ,
1379 2953 1646 3009 filiformia
1664 2994 1682 3023 ,
1712 2963 1874 3009 erecta
1891 2994 1909 3023 ,
1945 2960 1979 3011 4
2014 2965 2146 3013 cent.
2171 2959 2535 3031 propemodum

400 3042 550 3118 longa
572 3082 589 3112 ,
632 3043 717 3099 sed
761 3043 928 3099 adhuc
976 3042 1132 3097 nimis
1171 3042 1421 3118 juvenilia
1465 3042 1594 3117 quin
1622 3053 1788 3118 partes
1811 3043 2037 3118 singulas
2061 3045 2214 3120 possis
2246 3046 2536 3104 discernere.

400 3133 519 3203 (sec.
548 3151 621 3206 sp.
649 3131 797 3188 Rerb.
818 3131 977 3206 Lugd.
1000 3131 1137 3203 Bat.)

483 3331 546 3392 7.
626 3337 861 3406 Piper
895 3333 1181 3391 Lmkfl.
1267 3329 1443 3392 Foliis
1473 3331 1758 3391 coriaceis
1772 3376 1793 3408 ,
1832 3331 2165 3411 epnnctatis
2179 3376 2199 3408 ‚
2240 3332 2532 3414 utrinque

402 3432 623 3512 glabris
637 3481 657 3512 ,
716 3453 896 3515 supra
946 3432 1185 3494 lineatis
1194 3479 1214 3510 ,
1255 3433 1536 3512 ellipticis
1573 3434 1672 3494 vel
1703 3433 2181 3512 ovato-ellipticis
2196 3479 2216 3510 ‚
2256 3435 2527 3516 inaequi-

401 3534 636 3612 lateris,
710 3536 1097 3612 acuminatis,
1171 3535 1451 3596 acumine
1503 3536 1909 3597 obtusiuscnlo
1924 3581 1944 3613 ‚
2002 3535 2128 3596 basi
2175 3536 2529 3618 subaequali

399 3637 623 3714 acutis,
676 3659 812 3701 raro
862 3638 1281 3700 obtusiusculis
1295 3685 1314 3716 ,
1354 3639 2174 3720 quintupli·septuplinerviis
2189 3686 2210 3717 ‚
2248 3643 2450 3705 nervis
2482 3643 2525 3706 3

397 3741 616 3803 mediis
666 3743 743 3803 ad
793 3742 1023 3822 apicem
1078 3742 1275 3802 ductis
1292 3789 1311 3819 ,
1370 3743 1569 3821 stirpis
1609 3762 1784 3803 masc.
1818 3742 2026 3822 paullo
2054 3744 2526 3824 angustioribus,

397 3847 651 3908 amentis
698 3846 978 3907 femineis
1027 3846 1174 3908 folio
1223 3866 1436 3927 parum
1484 3846 1860 3908 brevioribus
1875 3892 1894 3922 ,
1952 3846 2209 3908 bracteis
2234 3848 2525 3928 ,oblongis

397 3952 690 4033 utrinque
740 3950 1076 4031 rhachiqne
1127 3951 1505 4030 glaberrimis
1519 3997 1539 4028 ‚
1580 3950 1787 4012 ovario
1819 3950 2107 4029 oblongo,
2145 3951 2522 4030 stigmatibus

394 4054 554 4116 4-3
607 4055 950 4117 lanceolatis
1000 4055 1204 4115 crassis
1252 4055 1520 4116 recurvis
1568 4054 1695 4115 basi
1745 4053 1812 4115 in
1848 4053 2068 4135 stylum
2101 4054 2521 4115 brevissimum

391 4158 624 4219 coalitis
641 4205 660 4235 ‚
716 4159 916 4220 baccis
948 4156 1220 4237 oblongis
1249 4158 1349 4218 vel
1384 4157 1762 4220 snbobovatis
1775 4202 1796 4235 ‚
1835 4158 1957 4217 ima
1989 4155 2117 4217 basi
2155 4156 2513 4236 angustatis,

383 4261 560 4342 apice
594 4261 927 4343 apiculatis.

470 4364 771 4430 Habitat
801 4366 871 4428 in
901 4365 1095 4430 insula
1130 4364 1275 4427 Java
1307 4360 1632 4444 (Schmidt!
1675 4365 1743 4425 in
1773 4363 1950 4427 Herb.
1982 4381 2109 4441 reg.
2142 4360 2360 4443 berol.)
