3153 5134
1678 395 1763 458 34

655 597 1126 688 complexamm
1170 598 1576 667 inveniendas
1621 614 1688 667 et
1733 598 2195 691 comparandas
2241 599 2531 668 animum
2572 602 2780 672 inten-

655 719 806 787 dere
852 733 1134 811 oportet,
1181 742 1269 787 ne¹
1311 721 1723 790 inexercitato
1763 722 1950 790 oculo
1980 743 2055 789 ea
2090 720 2375 812 aequalia
2408 734 2522 790 aut
2552 723 2779 794 similia

654 841 1002 931 adpareant
1019 890 1036 920 ,
1084 863 1249 930 quae
1278 863 1430 908 cum
1456 841 1695 910 ordinis
1723 853 1884 933 typo
1912 854 2275 932 comparata
2306 840 2594 932 partium
2624 866 2777 913 con·
2833 837 2836 839 ’

660 959 1057 1027 stituentium
1106 960 1499 1050 gravioribus
1536 961 1704 1031 notis
1734 960 1972 1028 diversa
2006 960 2437 1031 inveniuntur.

747 1081 996 1146 Genera
1047 1094 1265 1149 autem
1314 1082 1678 1172 plantarum
1724 1105 1859 1150 non
1908 1082 1993 1149 ad
2043 1081 2234 1150 unius
2280 1083 2378 1150 vel
2428 1105 2782 1174 paucarum
2871 1156 2876 1163 ,

606 1188 609 1191 ’
656 1192 934 1291 partium
984 1215 1369 1269 concentum
1385 1253 1402 1282 ,
1451 1203 1565 1269 sed
1616 1203 1701 1269 ad
1750 1203 1942 1272 totius
1975 1202 2251 1294 corporis
2296 1202 2782 1272 similitudinem
2863 1197 2867 1200 ’

655 1319 1052 1410 perspicuam
1109 1344 1145 1387 a
1189 1335 1417 1389 natura
1460 1335 1667 1389 creata
1686 1374 1702 1404 ,
1767 1322 1917 1390 talia
1951 1322 2147 1391 etiam
2181 1346 2219 1390 a
2253 1322 2565 1391 botanicis
2597 1323 2800 1411 effin7

544 1488 549 1493 -
653 1441 864 1528 genda
898 1453 962 1506 et
997 1439 1148 1507 artis
1178 1440 1646 1509 characteribus
1679 1441 2173 1510 discriminanda
2206 1452 2367 1522 esse,
2402 1441 2597 1511 hodie
2626 1466 2778 1511 con-

652 1559 937 1626 sentiunt
977 1560 1356 1628 cordatiores
1400 1560 1701 1631 botanici.
1795 1586 1831 1628 »
1853 1562 2304 1652 Quodcunque
2333 1575 2547 1629 autem
2578 1586 2782 1653 genus
2894 1593 2898 1597 ·

654 1680 946 1746 naturale
963 1730 979 1760 ,
1045 1703 1196 1747 cum
1252 1681 1421 1748 intra
1477 1682 1752 1750 familiae
1796 1682 2077 1774 spatium
2124 1696 2192 1750 et
2239 1682 2595 1750 seeundum
2646 1683 2786 1772 ejus

637 1788 891 1890 ⁸typum
923 1799 1395 1884 consideretur,
1430 1801 1526 1868 vel
1561 1801 1802 1892 absque
1833 1802 1991 1870 flore
2025 1815 2092 1869 et
2122 1802 2371 1883 fructu,
2398 1815 2591 1891 atque
2623 1803 2785 1871 adeo

656 1941 731 1985 ex
781 1919 1068 2007 qualibet
1119 1919 1432 2011 discerpta
1480 1937 1665 2013 parte
1681 1975 1697 2004 ,
1757 1923 1839 1990 ab
1874 1923 2274 1991 observatore
2314 1946 2517 2013 gnaro
2553 1924 2786 2014 digno-

653 2038 890 2106 scitur''
912 2038 991 2128 ¹).
2569 2018 2573 2022 i

743 2159 850 2226 His
882 2160 1113 2250 regulis
1145 2160 1376 2228 ductus
1406 2176 1473 2229 et
1498 2164 1583 2229 ad
1610 2160 1877 2229 universi
1904 2160 2145 2229 ordinis
2172 2175 2555 2230 structuram
2584 2184 2780 2253 quam

653 2304 841 2371 supra
893 2279 1188 2370 descripsi
1243 2278 1576 2372 respiciens
1595 2333 1611 2362 ,
1671 2279 2114 2347 characterum
2157 2303 2274 2370 per
2318 2280 2517 2348 varios
2544 2282 2783 2372 gradus

652 2401 1015 2490 graviorum
1059 2401 1154 2467 vel
1199 2402 1506 2469 leviorum
1536 2414 1857 2468 concentu
1892 2401 1989 2469 vel
2024 2400 2445 2492 discrepantia
2464 2453 2483 2483 ,
2532 2402 2783 2494 Pipera-

656 2545 798 2593 ceas
831 2523 897 2590 in
912 2545 1146 2615 genera
1163 2544 1551 2613 organorum
1568 2520 2076 2591 fructificationis
2093 2520 2486 2590 convenienti
2500 2534 2792 2591 structu-‘

658 2669 728 2713 ra
744 2696 762 2727 ‚
794 2659 859 2713 et
884 2644 1278 2736 reliquarum
1301 2642 1585 2735 partium
1612 2641 2032 2710 similitudine
2055 2642 2322 2710 definita
2354 2642 2445 2710 ita
2465 2642 2785 2713 discedeoe

655 2764 930 2834 arbitror
947 2818 963 2847 ,
1011 2780 1088 2833 ut
1133 2764 1383 2855 singula
1428 2766 1586 2832 haec
1621 2763 1971 2855 specierum
2003 2764 2494 2855 congruentium
2528 2765 2784 2857 agmina

658 2885 833 2954 inter
883 2886 1186 2955 terminos
1229 2886 1424 2954 etiam
1461 2909 1604 2955 suos
1633 2886 2091 2978 geographicos
2119 2886 2499 2977 plerumque
2527 2901 2787 2955 tenean-

656 3022 765 3076 tur
816 3023 885 3076 et
918 3008 1138 3077 rariori
1171 3008 1393 3075 saltem
1423 3007 1715 3099 exemplo
1749 3006 2175 3098 exspatientur
2206 3017 2401 3096 atque
2432 3006 2652 3097 itaque
2683 3030 2787 3076 or-

655 3128 821 3195 dinis
873 3129 1163 3196 membra
1212 3150 1345 3196 non
1369 3127 1565 3196 modo
1593 3133 1702 3194 su'a
1735 3126 1951 3195 indole
1982 3126 2093 3193 sed
2125 3124 2319 3192 etiam
2353 3125 2664 3193 relatione
2697 3126 2782 3192 ad

657 3248 1018 3317 universum
1078 3262 1388 3316 terrarum
1448 3248 1675 3316 orbem
1727 3260 1796 3314 et
1846 3244 2090 3314 telluris
2135 3242 2371 3336 physin
2418 3244 2785 3335 generalem

659 3369 992 3439 conciliata
1031 3368 1524 3460 conspiciantur.

1385 3609 1672 3675 Ordinis
1697 3607 2105 3698 affinitates.

759 3853 1017 3922 Rectius
1065 3851 1387 3919 intellecta
1439 3849 1913 3940 Piperacearum
1956 3860 2276 3915 structura
2296 3899 2313 3929 ,
2361 3871 2463 3916 eas
2494 3849 2578 3915 ab
2606 3847 2792 3915 Ami-

675 3976 807 4043 deis
839 3974 1101 4042 omnino
1130 3994 1256 4038 esse
1288 3969 1697 4038 removendas
1729 3981 1797 4036 et
1828 3990 2050 4035 eorum
2077 3966 2245 4035 inter
2278 3966 2790 4056 Dicotyledo—

680 4119 860 4163 neas
918 4092 1477 4183 achlamydeas
1529 4103 1598 4159 et
1654 4086 2403 4177 monochlamydeas
2448 4084 2791 4156 affinitates

698 4359 739 4428 ¹)
776 4363 892 4410 Num
926 4375 985 4409 ΑΒ
1017 4360 1262 4406 Eszunncx.
