3153 5134
1398 369 1526 430 305

427 627 430 630 ,
463 569 560 629 XI.
642 570 946 629 PIPER
992 586 1137 626 unu.
1167 567 1343 628 ccccl.
1387 568 1472 646 pl.
1510 588 1595 646 sp.
1677 568 1920 629 Flores
1951 576 2282 636 amentacei
2314 593 2503 643 remo·

381 647 657 747 tiusculi,
726 671 983 731 diclincs
1031 669 1128 731 vel
1175 668 1674 748 hermaphroditi.
1791 672 2135 753 Bracteae
2190 681 2500 745 coriaceae

374 775 671 853 oblongae
723 773 819 832 vel
857 771 1416 850 lineari-elongatae
1449 780 1607 833 totae
1642 774 1768 835 sere
1804 777 2087 857 adnatae,
2124 781 2286 859 basi,
2326 786 2498 864 apice

373 876 868 955 marginibusque
922 874 1200 951 elevatiS,
1235 883 1416 955 atque
1452 876 1535 936 ita
1569 877 1886 957 dispositae
1924 890 1992 941 ut
2027 883 2223 963 quivis
2258 887 2366 947 flos
2396 907 2502 951 ca-

374 973 580 1057 lyculo
615 976 972 1059 quadrilobo
1009 997 1045 1037 e
1074 979 1353 1057 propriae
1373 979 1660 1040 ‘bracteae
1693 978 1864 1061 apice
1891 985 2152 1063 elevato,
2170 993 2503 1070 supraposi-

373 1088 471 1141 tae
504 1082 631 1140 basi
665 1088 727 1140 et
760 1080 1120 1141 adstantium
1149 1081 1521 1161 marginibus
1548 1084 2008 1158 decurrentibus
2036 1088 2501 1156 formato'inclu—

377 1203 475 1244 sus
508 1182 583 1242 sit
594 1208 612 1262 5
643 1184 704 1242 in
735 1182 942 1262 paucis
974 1185 1329 1245 rotundatae
1362 1194 1569 1247 centro
1602 1186 1826 1250 affixae.
1870 1190 2099 1253 Herm.
2141 1195 2497 1260 Ovarium

369 1287 569 1347 sessile
602 1293 843 1346 ovatum
864 1333 882 1363 ,
924 1288 1400 1366 stigmatibus
1427 1289 1466 1348 3
1500 1289 1587 1349 -4
1615 1291 1911 1353 rarissime
1942 1296 1981 1353 5
2011 1297 2217 1357 crassis
2251 1299 2498 1362 lanceo-

367 1388 505 1449 latis
532 1397 638 1449 aut
673 1387 969 1468 oblongis,
1003 1391 1349 1470 puberulis,
1377 1391 1644 1454 deflexis,
1695 1396 2019 1459 Stamina
2047 1399 2170 1461 duo
2193 1401 2491 1483 lateralia,

367 1492 780 1553 filamentis
845 1494 1215 1554 crassissimis
1272 1495 1463 1555 ovarii
1516 1496 1641 1557 basi
1694 1518 1868 1579 saepe
1923 1501 2384 1567 adhaerentibus
2436 1519 2501 1570 et

367 1594 595 1655 diutius
625 1597 1113 1675 persistentibus,
1154 1597 1490 1659 antheris
1524 1600 2239 1685 cordato-reniformibus,
2278 1610 2496 1673 loculis

365 1698 545 1758 valde
562 1698 842 1759 discretis.
883 1699 1060 1761 Fem.
1091 1702 1183 1759 uti
1220 1701 1443 1761 herm.
1461 1701 1564 1762 sed
1583 1704 1824 1765 nullum
1838 1709 2159 1771 staminum
2184 1712 2496 1775 rudimen·

366 1807 516 1860 tum.
570 1801 766 1862 Maso.
810 1803 1130 1863 Stamina
1157 1802 1197 1863 2
1227 1803 1349 1885 (vel
1379 1812 1439 1865 et
1467 1803 1533 1884 3)
1560 1807 1862 1885 tenuiora,
1893 1809 2301 1875 filamentis
2336 1824 2486 1877 tere·

365 1903 545 1979 tibus»,
579 1905 911 1966 antheris
943 1906 1554 1985 renisormi·globosi8.
1596 1908 1865 1971 Baccae
1897 1915 2137 1993 sessiles,
2169 1919 2487 1998 oblongae,

362 2006 669 2085 globosae,
698 2009 1001 2087 pulposae.
1052 2008 1305 2069 Semen
1336 2010 1675 2089 conforme,
1706 2021 1889 2075 testa
1915 2019 2367 2083 membranacea
2395 2023 2492 2084 vel

365 2111 882 2185 crasso-coriacea,
963 2111 1347 2172 albumine
1432 2111 1939 2178 corneo-sarinoso
2016 2122 2280 2201 radiato,
2357 2146 2493 2190 em-

361 2214 644 2294 bryone
679 2215 918 2275 sacculo
952 2215 1371 2277 subturbinato
1409 2217 1658 2278 incluso.
1699 2252 1780 2267 --
1819 2223 2088 2285 Frutices
2118 2229 2493 2306 scandentes,

360 2336 492 2376 raro
527 2321 668 2397 sere
721 2319 1094 2395 arbusculae,
1151 2321 1221 2377 in
1272 2320 1459 2380 India
1494 2322 1774 2382 orientali
1790 2369 1809 2399 ,
1871 2328 2090 2388 insulis
2129 2330 2456 2395 Sundaicis
2473 2382 2494 2413 ,

360 2420 728 2502 Philippinis
743 2466 762 2497 ,
802 2424 1066 2501 fortasse
1118 2424 1297 2482 etiam
1346 2425 1416 2482 in
1476 2426 1876 2487 Mascarkenis
1930 2430 2207 2513 indigeni
2257 2445 2317 2495 et
2366 2440 2482 2506 fre·

354 2535 598 2603 quenter
663 2524 845 2601 culti,
920 2527 1101 2586 unica
1163 2527 1367 2586 saltem
1429 2527 1727 2610 hucusque
1776 2531 1846 2590 in
1914 2531 2176 2613 Imperio
2237 2537 2485 2601 Sinensi

355 2628 545 2705 specie
598 2627 818 2688 detecta
833 2674 854 2705 ,
902 2650 1010 2689 nec
1064 2628 1311 2690 ulterius
1342 2644 1541 2712 sponte
1579 2635 1968 2714 exspatiantes
2017 2638 2121 2696 sed
2151 2641 2382 2702 cultura
2416 2645 2486 2702 in

357 2727 590 2788 Novum
643 2730 852 2789 Orbem
901 2732 1080 2792 etiam
1132 2735 1439 2812 translati,
1496 2737 1669 2808 foliis
1722 2736 1964 2798 alternis
2007 2743 2313 2820 petiolatis
2353 2746 2476 2826 ple·

356 2850 600 2910 rumque
651 2834 935 2892 coriaceis
952 2878 971 2910 ,
1029 2837 1512 2916 multiplineroiis
1529 2884 1548 2915 ,
1606 2859 1739 2899 raro
1775 2840 2184 2922 digitinerviis
2201 2891 2220 2922 ,
2259 2849 2484 2928 qlabris

354 2933 450 2992 vel
492 2935 972 3014 pubescentibus,
1013 2939 1250 3018 stipulis
1300 2952 1421 3000 tum
1448 2942 1835 3020 petiolaribus
1868 2945 2106 3006 adnatis
2142 2958 2268 3007 tum
2302 2937 2472 3032 oppo-

354 3037 634 3118 sitisoliis
649 3038 915 3098 deciduis
930 3084 949 3114 ,
989 3043 1237 3100 amentis
1256 3045 1676 3124 oppositifoliis
1684 3046 2098 3123 pedunculatis
2109 3095 2129 3127 ,
2141 3052 2476 3133 plerumque

345 3141 651 3220 pendulis,
676 3129 1092 3223 filis'ormibus,
1119 3143 1604 3225 hermaphroditis
1621 3149 1714 3208 vel
1735 3149 2058 3212 diclinibus
2073 3198 2092 3230 ,
2127 3154 2325 3216 baccis
2357 3178 2474 3217 om·

285 3242 292 3247 “
356 3244 502 3303 nino
539 3244 807 3304 discretis
823 3246 1057 3305 remotis
1072 3248 1505 3327 seminibusque
1532 3254 2125 3316 aromatico-acribus
2141 3303 2161 3335 ,
2203 3256 2472 3329 fervidis.

1047 3429 1307 3491 cLAvls
1346 3431 1765 3495 SPECIERUM.

346 3593 408 3644 A.
446 3595 678 3651 Bracteae
708 3596 897 3652 amenti
926 3593 1047 3653 fem.
1077 3607 1130 3653 et
1164 3596 1322 3654 herm.
1353 3598 1790 3678 lineali-oblongae
1817 3603 2334 3669 sessui-decumum.

456 3680 485 3709 '¹‘
520 3682 658 3736 Folia
690 3682 881 3755 glabra.

543 3771 588 3822 Ι.
623 3768 759 3823 Folia
793 3766 898 3824 lata
930 3766 1311 3828 membranacea
1345 3776 1709 3834 novemnervia.
1780 3785 1834 3837 1.

518 3854 588 3908 11.
660 3874 692 3904 i>
789 3855 895 3910 lata
922 3861 1320 3915 crasso-coiiacea
1346 3861 1521 3935 glabra
1540 3902 1558 3931 .,
1592 3863 2010 3939 multiplinervia.

630 3961 684 3996 a.
732 3941 914 3997 subtus
944 3945 1187 4017 glaucesc.
1221 3948 1363 4021 pall„
1392 3949 1487 4005 inf.
1520 3951 1959 4012 rotundato-ovata
1974 3999 1991 4027 ‚
2017 3960 2469 4034 7plif9no—nervia‚

736 4049 847 4103 sup.
911 4033 1134 4107 elliptica
1181 4037 1441 4114 inaequil.‚
1498 4042 1935 4115 5—'7-p1i-newia
1955 4086 1972 4115 ,
2020 4061 2210 4109 ament.
2254 4052 2375 4110 fem.
2421 4065 2476 4110 et

736 4117 1047 4194 hermaphr.‚
1081 4123 1324 4198 calyculis
1353 4124 1413 4184 fl.
1448 4129 1774 4203 quadrilobiS.
1843 4137 1898 4190 2.

623 4204 677 4264 b.
725 4207 899 4261 minus
934 4226 1116 4277 crassa,
1148 4211 1328 4268 subtus
1358 4212 1521 4273 dilute
1548 4217 1960 4290 glauco-viridia,
1995 4222 2198 4300 oblique
2224 4230 2471 4306 emptica,

732 4293 915 4349 infima
942 4295 1268 4368 subeon-data,
1307 4322 1473 4360 ramea
1515 4304 1622 4361 basi
1665 4308 1861 4383 aequali
1911 4312 2180 4369 rotundatu
2196 4360 2213 4389 ,
2263 4337 2468 4377 summa

731 4381 1260 4461 lanceolata-oblonga,
1292 4392 1984 4475 quintupli-septuplinerriffi
2013 4400 2176 4456 nervis
2209 4422 2319 4479 sup.
2359 4427 2466 4463 ma·

815 4478 820 4483 ·
1986 4494 2036 4530 ιο
