3153 5134
1395 368 1516 432 471

379 577 650 639 Ramulis
699 572 939 654 petiolis
974 570 1265 648 'foliisque
1301 568 1592 647 utrinque
1622 567 2009 647 piloso-hirtis
2025 614 2044 644 ,
2084 569 2179 628 his
2214 568 2515 629 membra-

370 681 570 745 naccis
598 673 1230 759 pellucido·punctatis
1269 671 1485 750 opacis,
1525 670 1774 750 oblique
1808 670 2013 746 ovatis,
2048 670 2174 730 basi
2206 671 2513 750 inaequali

378 783 746 857 rotundatis,
805 781 977 861 apice
1023 775 1407 851 acuminatis,
1454 775 1630 835 costis
1674 793 1866 854 usque
1903 773 1979 833 ad
2021 773 2050 855 ξ
2084 774 2185 834 alt.
2221 775 2510 855 utrinque
2627 820 2632 823 ψ
2679 768 2684 774 ’

374 889 537 950 5-6
573 883 1070 948 adscendentibus
1090 926 1108 956 ,
1147 877 1479 939 amentis...

445 990 623 1069 neri).
655 1009 840 1077 wind.
866 1028 919 1062 n.
956 1010 1094 1061 667!

368 1203 379 1219 .
448 1131 738 1191 Habitat
763 1126 842 1186 ad
872 1124 1101 1183 flumen
1130 1118 1540 1198 magdalenae,
1570 1137 1761 1197 prope
1787 1117 2145 1178 Buenavista
2181 1126 2241 1177 et
2269 1118 2386 1180 Isla
2412 1119 2492 1182 de

366 1234 617 1307 Br'uxas,
658 1232 722 1290 in
756 1229 890 1308 ripa
923 1222 1212 1305 paludosa
1250 1221 1494 1305 (Humb.
1532 1229 1593 1280 et
1625 1220 1854 1300 Bonpl.!
1900 1221 1963 1279 in
1994 1221 2167 1281 Herb.
2197 1219 2437 1302 Willd.)

433 1358 625 1431 Species
667 1352 955 1428 imperfecte
1000 1359 1154 1415 nota,
1200 1346 1285 1401 sed
1329 1365 1389 1400 ex
1418 1344 1606 1399 habitu
1640 1349 1698 1413 Α.
1725 1342 2149 1418 asperifoliae,
2190 1343 2499 1415 hirsutae,

363 1445 454 1500 rel.
492 1444 711 1498 maxime
739 1449 966 1515 cognata.
2283 1481 2289 1487 ,

437 1537 627 1587 Frutex
657 1527 971 1602 octopedalis.
1043 1527 1188 1579 Ram
1200 1523 1297 1576 uli
1328 1532 1537 1589 teretes,
1588 1520 1785 1589 striati,
1821 1518 2126 1594 piloso-hirti
2158 1523 2243 1592 (ex
2276 1525 2497 1594 nunni).
2550 1537 2552 1539 ’

362 1619 536 1675 Folia
580 1618 986 1681 membranacea,
1026 1611 1319 1687 glandulose
1353 1622 1407 1665 et
1438 1610 1690 1684 pellucidc
1718 1619 1995 1683 punctam,
2030 1628 2183 1682 opaca
2198 1649 2215 1678 ‚
2254 1609 2498 1683 utrinque

359 1706 678 1782 piloso-hirta
702 1705 821 1780 pilis
855 1720 1007 1776 supra
1038 1719 1251 1755 nervum
1277 1697 1617 1766 densioribuS‚
1658 1697 1862 1771 oblique
1890 1707 2064 1764 ovata,
2101 1698 2464 1771 inaequilatera
2479 1737 2497 1765 ‚

361 1797 686 1860 acuminata,
736 1792 845 1846 basi
891 1787 1155 1862 inaequali
1187 1787 1488 1853 rotundatu,
1523 1784 1844 1860 marginibus
1871 1785 2230 1857 planiuscula,
2272 1790 2342 1840 13
2368 1795 2503 1840 cent.

365 1883 539 1956 longa,
592 1885 661 1949 73.
704 1880 842 1945 lata,
879 1875 1108 1951 petiolo
1136 1874 1458 1948 piloso-hirto
1489 1873 1659 1928 antice
1691 1873 2033 1928 canaliculato
2068 1879 2101 1927 2
2138 1883 2272 1928 cent.
2303 1873 2506 1928 circiter

362 1973 514 2045 longo
560 1981 821 2036 sustenta3
870 1987 898 2022 e
942 1985 1092 2021 nervo
1139 1964 1306 2018 medio
1342 1972 1665 2037 percurrente
1704 1980 1861 2035 usque
1891 1962 1954 2015 ad
1979 1967 2013 2031 ξ
2043 1962 2138 2016 alt.
2168 1971 2330 2015 costae
2358 1967 2504 2017 5—-6

362 2058 746 2126 adscendentes,
795 2074 1021 2130 quarum
1067 2071 1273 2106 summa
1321 2051 1388 2105 ad
1432 2050 1626 2123 apicem
1673 2068 1983 2124 percurrens·
2033 2052 2151 2121 (sec.
2191 2068 2269 2123 sp.
2314 2051 2507 2107 Humb.

368 2149 464 2204 ub.
503 2149 617 2219 cit.)

449 2331 583 2394 109.
660 2333 1036 2392 Artanthe
1075 2329 1449 2387 velutina.
1538 2325 1727 2404 Piper
1771 2324 1853 2384 H.
1894 2323 1969 2383 B.
2002 2322 2078 2382 K.
2091 2324 2116 2379 Ι
2158 2325 2310 2385 Nov.
2359 2324 2501 2383 Gen.

377 2426 528 2496 Tomss
565 2436 619 2533 Ι.
643 2457 707 2514 p.
743 2433 842 2493 52.
923 2432 1019 2490 Pl.
1075 2431 1310 2508 aequin.
1373 2428 1532 2486 Tom.
1583 2425 1678 2485 II.
1726 2446 1790 2503 p.
1828 2424 1924 2484 43.
2006 2425 2212 2485 Kumk
2252 2426 2504 2507 Synops.

377 2540 529 2599 Tom.
579 2539 634 2599 I.
678 2558 739 2617 p.
795 2534 931 2595 108.
1018 2531 1335 2591 Schilleria
1387 2527 1608 2610 ejusd!
1670 2528 1735 2585 in
1790 2527 2062 2586 Linnaea
2111 2529 2148 2586 1.
2188 2549 2236 2587 c.
2268 2547 2329 2607 p.
2364 2529 2503 2589 701.

366 2642 634 2702 Ramulis
661 2638 1016 2718 petiolisque
1046 2634 1305 2693 molliter
1332 2628 1802 2707 villoso-pilosis,
1836 2628 1998 2688 foliis
2023 2629 2502 2707 rigidum-mem-

367 2744 679 2806 branaceis
728 2736 1128 2819 epunctulatis
1172 2735 1403 2813 opacis,
1453 2733 1803 2812 praesertim
1852 2733 2062 2792 subtus
2114 2734 2377 2794 molliter
2412 2735 2502 2794 in·

365 2843 999 2926 cano-pubescentibus
1017 2885 1035 2915 ‚
1069 2838 1316 2917 oblique
1352 2834 1919 2915 elliptico·oblongis
1954 2836 2341 2911 acuminatis,
2376 2836 2501 2897 basi

364 2949 672 3029 inaequali
710 2944 1077 3016 rotundatis,
1118 2943 1290 3001 costis
1326 2939 1486 2999 infra
1523 2938 1559 3020 ζ
1596 2938 1698 2997 alt.
1737 2938 2026 3017 utrinque
2060 2938 2217 3000 4--5
2237 2986 2254 3015 ,
2295 2960 2500 3000 amen.

366 3058 442 3117 tis
476 3050 886 3115 erectiusculis
912 3047 1115 3122 rectis,
1153 3041 1500 3123 pedunculo
1535 3040 1829 3120 petiolum
1861 3042 2297 3121 suh-aequante,
2329 3043 2500 3102 brac-

365 3160 478 3221 teis
529 3158 769 3217 inflexo·
788 3151 1022 3233 peltatis
1072 3145 1648 3220 ciliato-fimbriatis,
1688 3144 1887 3204 baccis
1920 3144 2185 3206 obovatis
2213 3146 2496 3224 trigonis,

370 3263 598 3324 semine
639 3250 1514 3319 subreticalato-scrobiculatO.

437 3387 614 3443 Herb.
648 3383 832 3440 Willd.
869 3401 923 3435 n.
953 3381 1110 3463 662!

375 3495 377 3498 ’
446 3507 744 3566 Habitat
796 3503 861 3560 in
912 3496 1235 3576 scopulosis
1281 3513 1468 3573 prope
1521 3490 1774 3550 Zaulaca
1823 3497 1883 3549 et
1925 3490 2041 3550 San
2077 3488 2283 3567 Felipe
2320 3488 2489 3550 Prov.

367 3612 518 3671 Jaen
561 3610 639 3668 de
680 3608 1086 3676 BracamorOS,
1125 3609 1187 3660 et
1214 3600 1280 3657 in
1308 3596 1487 3676 sylvis
1516 3594 1807 3654 Peruviae
1829 3611 2018 3670 prope
2045 3592 2501 3654 Guancabamba

368 3715 437 3774 in
489 3712 792 3773 radicibus
834 3729 917 3767 m.
965 3703 1196 3765 Parami
1232 3702 1310 3760 de
1343 3699 1643 3759 Guamani
1663 3743 1680 3772 ,
1714 3698 1814 3757 alt.
1849 3696 2210 3757 700-1100
2247 3697 2497 3775 hexap.,

371 3820 525 3897 Aug.
566 3816 628 3875 fl.
669 3812 911 3897 (Humb.
951 3818 1012 3870 et
1052 3805 1278 3885 Bonpl.!
1320 3805 1360 3864 l.
1398 3823 1454 3864 c.
1489 3810 1551 3863 et
1585 3802 1651 3861 in
1687 3800 1793 3859 Hb.
1830 3796 1959 3878 cit.)

437 3961 628 4011 Frutex
673 3948 1130 4027 quinqueorgyalis.
1204 3943 1376 3999 Rami
1421 3942 1538 3997 sicci
1575 3937 2007 4013 compressiusculi
2021 3977 2039 4005 ‚
2075 3938 2261 3993 sulcati
2279 3978 2296 4005 ‚
2331 3938 2502 3993 molli-

365 4056 445 4101 ter
477 4044 728 4119 patentim
755 4036 1124 4111 villoso—pilosi,
1156 4032 1452 4089 internodiis
1481 4036 1627 4085 2—-3
1662 4039 1795 4085 cent.
1824 4028 2003 4103 longis.
2078 4028 2249 4083 Folia
2284 4026 2504 4081 breviter

366 4133 634 4209 petiolata,
669 4129 850 4203 patula
868 4168 884 4194 ‚
922 4125 1081 4198 rigide
1116 4134 1167 4178 et
1198 4120 1521 4177 crassiuscule
1552 4118 1937 4173 membranacea
1951 4156 1968 4183 ,
2009 4125 2285 4189 epunctata
2303 4154 2319 4182 ‚
2355 4134 2504 4188 supra

364 4240 548 4295 opaca,
586 4218 765 4273 adulta
795 4212 1088 4271 subbullata
1104 4253 1120 4279 ,
1158 4210 1274 4284 pilis
1298 4208 1539 4283 appressis
1568 4206 1699 4260 albis
1729 4204 1960 4259 molliter
1996 4202 2512 4277 hirta-pubescentia,

358 4311 545 4366 subtus
577 4306 835 4382 pallidiora
850 4345 866 4372 ,
904 4300 1130 4356 molliter
1157 4298 1305 4353 dense
1334 4292 1861 4369 ineam-pubescentia
1877 4331 1895 4359 ‚
1931 4290 2394 4365 elliptico-oblonga
2424 4290 2506 4344 vel

362 4394 873 4470 subovato-elliptiQ
895 4411 1076 4467 parum
1116 4386 1499 4462 inaequitatem,
1531 4383 1673 4458 apice
1703 4381 1900 4436 modice
1929 4380 2245 4449 acuminata,
2269 4379 2505 4435 acumine
