3153 5134
1397 358 1482 419 25

375 561 820 633 candidissimo
850 562 1136 654 repletur
1167 575 1237 631 et
1262 583 1474 630 saccus
1505 560 1690 630 emb
1708 580 2060 653 ryonem
2092 559 2495 630 exilissimum

375 676 739 766 includens,
785 696 959 752 arcte
987 704 1141 750 cum
1172 705 1249 751 eo
1279 682 1652 762 cohaerens,
1685 680 1985 773 globosus
2016 681 2114 749 vel
2147 682 2498 774 oblongus,

378 828 686 898 compage
731 818 800 872 et
829 804 1041 873 colore
1072 828 1110 872 a
1144 803 1389 894 reliquo
1426 802 1754 871 albumine
1782 801 2316 883 distinctissimus‚
2363 800 2501 870 basi

377 934 490 994 sua
555 925 691 1015 ejus
756 924 922 1015 apici
986 923 1210 992 leviter
1257 922 1589 991 immersus
1640 935 1772 1003 est,
1831 921 1922 991 ita
1988 935 2066 989 ut
2121 935 2335 990 vertex
2384 921 2503 989 ubi

379 1045 745 1136 ambr-yonis
776 1044 1062 1113 radicula
1091 1044 1212 1113 sita
1247 1056 1342 1111 est
1360 1094 1377 1124 ,
1424 1042 1798 1111 immediate
1826 1041 1993 1110 infra
2026 1054 2224 1110 testae
2258 1040 2503 1132 apicem

372 1166 606 1256 jaceat.
697 1165 1082 1257 Embryonis
1131 1164 1421 1233 radicula
1449 1187 1631 1234 sacco
1665 1162 1775 1233 illo
1821 1164 1998 1231 intus
2028 1162 2375 1230 adhaerere
2406 1162 2508 1228 vi·-

379 1285 605 1366 detur3
653 1308 991 1375 nunquam
1034 1285 1262 1353 saltem
1290 1284 1424 1355 thas
1471 1297 1682 1375 partes
1724 1284 2003 1375 integras
2049 1307 2087 1350 a
2131 1305 2210 1350 se·
2233 1281 2509 1350 invicem

377 1405 614 1474 solvere
660 1404 821 1472 mihi
868 1404 1214 1495 contingit.
1316 1405 1656 1495 Embryo
1703 1403 1836 1494 ipse
1893 1401 2057 1471 adeo
2104 1402 2395 1471 minutus
2440 1415 2510 1470 et
2549 1417 2553 1421 ·

377 1539 596 1615 partes
624 1523 912 1614 singulae
933 1537 1082 1593 ‚tam
1111 1523 1721 1614 parum=discretae,
1768 1528 1846 1591 ut
1879 1522 1979 1589 vix
2011 1522 2132 1588 nisi
2167 1522 2237 1589 in
2266 1520 2510 1613 germi-

376 1657 586 1714 nante
615 1642 1064 1710 seminebene
1094 1642 1404 1732 distingui
1424 1641 1657 1732 possit.
1738 1642 2127 1730 Plerumque
2157 1654 2252 1708 est
2284 1640 2515 1710 oblon-

374 1774 509 1855 gu‘s
572 1762 671 1830 tel·
723 1762 1061 1853 globosus‚'
1126 1761 1532 1829 extremitate
1576 1759 1933 1831 ‘radiculari
1996 1759 2227 1829 obtusa
2247 1809 2266 1842 ‚
2332 1773 2517 1853 coty-

380 1868 675 1952 ledonari
739 1881 1137 1951 obmsissima
1202 1879 1424 1972 paullo
1488 1880 1789 1949 crassiore
1832 1886 1907 1950 ac
1957 1880 2184 1949 bifida.
2278 1883 2513 1949 Totum

383 2001 709 2093 sacculum
758 2001 936 2069 haud
983 2000 1252 2092 implere
1299 2002 1460 2071 solet
1505 2015 1574 2070 et
1608 2003 1745 2093 ejus
1779 2000 2024 2070 vertice.
2044 2016 2122 2070 ut
2161 1999 2516 2092 plurimum

384 2121 704 2193 contineri
736 2120 1025 2191 videtur.
1106 2121 1324 2191 Nescio
1364 2145 1691 2213 quaenam
1734 2121 2032 2191 materies
2060 2122 2144 2189 sit
2169 2100 2337 2213 quae
2370 2119 2515 2190 reli-

387 2265 598 2333 quum
643 2264 870 2311 cavum
913 2241 1161 2332 implet.
1232 2245 1347 2308 ‘In
1389 2244 1897 2334 germinante
1946 2243 2235 2311 semine
2282 2245 2519 2332 Pepe-

391 2360 688 2430 romiae
741 2360 1431 2432 blandaeradicula
1483 2373 1820 2454 tanquam(
1852 2363 2105 2431 minuta
2158 2363 2393 2456 papilla
2448 2362 2515 2432 in

390 2494 810 2576 conspectum
852 2482 1027 2551 venit
1044 2534 1063 2563 ,
1108 2506 1152 2551 e
1185 2497 1386 2552 testae
1426 2483 1613 2575 epioe
1646 2483 1792 2552 fisso
1824 2506 2064 2552 emersa
2096 2496 2164 2551 et
2198 2506 2236 2552 e
2269 2482 2521 2554 sacculo

393 2618 709 2693 tanquam
747 2626 784 2696 e
828 2603 1053 2696 vagina
1100 2605 1519 2686 extuberans3
1572 2605 1803 2672 sensim
1851 2629 1998 2695 pars
2048 2605 2524 2696 cotyledonaris

390 2724 724 2792 albumine
753 2738 822 2791 et
851 2724 1103 2793 sacculo
1131 2724 1536 2816 emhryonali
1567 2724 1972 2792 tumentibus
2005 2745 2041 2791 e
2076 2737 2237 2792 testa
2267 2725 2525 2815 propel-

391 2845 586 2925 litur,
617 2844 707 2913 ita
749 2859 969 2914 autem
1013 2859 1092 2912 ut
1141 2844 1387 2912 diutius
1432 2844 1558 2912 hoc
1593 2829 1844 2914 sacculo
1880 2845 2121 2914 inclusa
2153 2845 2252 2912 vel
2285 2847 2524 2913 adhae-

396 2987 546 3033 rens
577 2975 835 3033 maneat
854 3015 871 3047 ,
917 2966 1101 3033 unde
1127 2964 1333 3057 gravis
1359 2967 1581 3033 eorum
1608 2979 1944 3033 auctorum
1961 3001 1964 3004 ·
1980 2989 2156 3035 error
2188 2979 2367 3035 ortus
2391 2980 2487 3036 est
2502 3012 2524 3043 ⁴
2591 3055 2596 3062 ψ

395 3085 516 3178 qui
560 3085 883 3153 sacculum
915 3108 1036 3176 pro
1066 3084 1455 3176 cotyledone
1489 3084 1799 3153 babentes
1812 3136 1831 3167 ,
1880 3086 2358 3177 Piperacearum
2393 3109 2527 3155 em-

399 3206 725 3301 bryonem
770 3207 1472 3299 monocotyledoneum
1504 3230 1633 3275 esse
1664 3208 2106 3277 crediderunt.
2159 3209 2528 3301 ¹cotyledo—

397 3349 516 3395 nes
545 3326 773 3395 sensim
809 3327 1115 3396 liberatae
1155 3327 1455 3397 foliaceae
1503 3342 1679 3396 sunt.
1773 3329 2164 3397 Albumen
2191 3328 2286 3397 ⁴in
2332 3332 2531 3421 Pepe-

401 3446 656 3517 romieis
685 3470 937 3538 semper
965 3448 1236 3517 solidum
1261 3448 1414 3517 vidi.
1476 3451 1707 3517 Testa
1741 3449 2228 3518 membranacea
2254 3450 2349 3516 vel
2378 3449 2530 3519 sub-

400 3566 683 3636 coriaoea
717 3581 847 3649 est,
894 3568 1202 3650 nitidula,
1249 3569 1427 3639 haud
1460 3592 1605 3638 raro
1636 3569 1913 3637 areolata
1934 3621 1952 3651 ,
1998 3568 2207 3637 nervis
2236 3568 2532 3661 longitu-

401 3686 732 3756 dinalihus
764 3696 803 3755 5
835 3701 904 3756 et
938 3688 1229 3780 pluribus
1259 3688 1609 3780 aliquando
1641 3690 1811 3758 bene
1844 3688 2163 3757 distinctis
2191 3693 2491 3781 percursa
2511 3740 2530 3772 ‚

400 3806 705 3898 globosa,
750 3807 1129 3899 subglobosa
1164 3807 1263 3875 vel
1294 3807 1365 3874 in
1399 3807 1729 3876 Erasmia
1777 3821 1847 3875 et
1874 3807 2265 3898 quibusdam
2296 3811 2532 3879 Acro-

408 3925 795 4016 carpidiis
821 3927 1120 4019 oblonga.
1171 3925 1578 4018 Endopleu
1594 3951 1669 3995 ra
1703 3926 2092 4009 tenuissima,
2125 3929 2539 3997 membrana-

407 4069 557 4127 cea,
618 4047 793 4116 intus
841 4046 1204 4116 laevissima.
1296 4051 1374 4114 In
1420 4046 1811 4137 quibusdam
1850 4060 1929 4115 ut
1962 4046 2027 4114 in
2075 4048 2535 4139 Peperomia

409 4155 815 4260 pellucida
866 4167 1038 4239 inter
1086 4179 1315 4235 testam
1365 4180 1435 4235 et
1478 4166 1943 4257 endopleuram
1978 4180 2189 4236 textus
2221 4160 2537 4238 cellularis

409 4300 682 4372 stratum
720 4287 989 4383 simplex
1018 4286 1182 4369 vidi,
1226 4286 1470 4360 cellulis
1511 4287 1738 4380 amplis
1786 4283 2537 4382 prismatioo-tetragonis
