3153 5134
1407 327 1532 390 217

410 529 782 598 subsessilibus,
815 529 1027 583 demum
1057 528 1189 581 inter
1219 525 1393 586 baccas
1419 524 1546 579 benc
1572 522 1837 579 distinctas
1861 523 2101 598 oblongas
2126 527 2414 596 reconditis,
2445 530 2569 602 stig·

417 630 622 674 matum
655 617 848 673 {abrica
881 626 933 670 et
965 615 1226 669 albumine
1257 632 1372 668 vere
1404 614 1645 681 farinoso,
1680 622 1811 668 testa
1846 611 2019 687 fragili
2047 614 2170 671 adeo
2199 616 2279 670 sui
2299 616 2465 690 juris,
2501 627 2565 672 ut

418 705 669 763 solidiores
696 703 1009 758 characteres
1040 703 1123 756 vix
1151 712 1432 775 exspectare
1459 719 1653 756 necesse
1684 700 1929 757 videatur.
2531 697 2545 710 ‘

489 793 795 866 Macmpiper
837 791 901 847 ad
945 791 1209 846 Chavicam
1253 789 1426 846 eadem
1478 789 1673 844 ratione
1712 806 1763 843 sc
1808 788 1965 845 habet
2006 809 2065 846 ac
2099 791 2465 868 Potbomorpbc
2502 793 2569 849 ad

421 879 749 938 Artanthem.

514 1059 567 1118 1.
645 1060 1124 1132 nlacropiper
1164 1056 1699 1126 methystreum
1741 1053 1884 1133 Miq.
1928 1054 1968 1115 Ι.
2015 1074 2065 1114 c.
2101 1077 2163 1136 p.
2208 1055 2308 1117 36.
2387 1057 2576 1138 Piper

433 1162 619 1222 Forat.
671 1160 880 1221 Prodr.
935 1179 998 1219 n.
1047 1156 1123 1216 21
1177 1155 1249 1237 ¹).
1330 1156 1428 1216 Pl.
1489 1155 1666 1216 escul.
1710 1175 1778 1235 p.
1817 1154 1932 1216 76.
1986 1158 2175 1218 Hook.
2211 1169 2268 1217 et
2307 1157 2569 1218 Amottd

430 1263 695 1345 Beechey
752 1263 814 1324 V
809 1283 899 1342 oy.
940 1282 1003 1341 p.
1049 1259 1146 1320 96.
1235 1258 1506 1317 Guillem.
1552 1260 1623 1317 in
1669 1257 1834 1319 Arm.
1885 1259 1985 1318 des
2021 1281 2102 1320 sc.
2137 1270 2260 1319 nat.
2292 1280 2428 1320 nov.
2462 1280 2572 1320 ser.

444 1366 602 1425 Tom.
645 1366 787 1426 VII
802 1387 871 1445 p.
908 1361 1001 1422 18.
1062 1361 1156 1420 De
1188 1363 1349 1421 Lesa.
1384 1362 1552 1421 Icon.
1597 1361 1759 1422 Tom.
1793 1362 1921 1421 III
1934 1384 2004 1442 p.
2042 1362 2139 1423 53.
2198 1364 2275 1423 Ρ.
2308 1364 2578 1444 spurium

440 1469 629 1529 Forst.
675 1470 744 1527 in
787 1465 965 1527 Herb.
1003 1465 1156 1524 Mus.
1189 1465 1393 1524 Paris.
1426 1465 1503 1524 P.
1536 1465 1844 1524 inebrians
1876 1464 2152 1525 Bet-tero!
2188 1467 2330 1527 Mes.
2362 1468 2430 1525 in
2463 1466 2579 1526 Hb.

435 1570 532 1630 De
560 1571 719 1631 Lesa.
754 1570 828 1629 P.
861 1567 1248 1626 decumanum
1282 1566 1461 1645 Opis!
1490 1567 1561 1624 in
1591 1566 1787 1645 Reliq.
1816 1567 2155 1627 Haenkean.
2167 1570 2334 1649 fasc.
2359 1568 2497 1629 III.
2520 1589 2582 1648 p.

442 1671 581 1733 160.
639 1670 815 1732 Foliis
845 1668 1320 1728 membranaceis
1352 1667 1739 1746 aequilateris
1771 1668 2106 1728 lato-ovatis
2136 1669 2588 1730 subrotundatis

435 1771 741 1853 profunde
773 1770 1065 1834 cordatis,
1100 1769 1376 1829 breviter
1423 1769 1782 1829 acuminatis
1828 1769 2583 1850 novem-deeem-nerviis,

440 1877 651 1938 subtus
686 1875 752 1934 in
788 1874 992 1933 nervis
1023 1872 1410 1933 subtilissime
1444 1871 1790 1952 puberulis,
1836 1880 2077 1934 amento
2112 1875 2585 1954 masc.oppositi·

438 1978 587 2041 solio
617 1976 882 2040 solitario
914 1975 1106 2036 brevi.

510 2106 673 2158 Icon.
709 2103 780 2154 De
814 2104 945 2155 Less.
979 2098 1020 2155 l.
1055 2117 1102 2154 c.
1138 2097 1263 2155 Tab.
1299 2102 1369 2154 89
1408 2099 1667 2172 (optima).

523 2216 824 2278 Habitat
870 2216 937 2274 in
982 2214 1194 2274 insulis
1243 2214 1586 2291 societatis,
1641 2214 1918 2276 Otaheite
1965 2224 2027 2276 et
2072 2216 2245 2276 Oahu
2288 2216 2584 2298 (Moeren-

450 2321 627 2381 hout!
677 2328 738 2380 et
788 2319 1086 2398 Beechey!
1133 2319 1197 2376 in
1234 2317 1408 2378 Herb.
1446 2317 1530 2378 De
1567 2314 1771 2398 Less.)3
1821 2318 2035 2379 incolis
2070 2319 2219 2380 Awa
2254 2319 2489 2381 dictum
2527 2328 2589 2382 et

451 2423 530 2484 ad
562 2419 899 2502 parandum
930 2426 1141 2498 potum
1176 2417 1579 2478 inebriantem
1617 2420 2067 2480 usitatissimum
2093 2421 2144 2500 ²)
2172 2423 2291 2481 —'?
2325 2421 2420 2500 Sp.
2446 2421 2591 2482 fem.

453 2528 522 2589 in
559 2526 671 2587 ins.
714 2523 945 2586 Owahu
983 2530 1045 2583 et
1080 2522 1332 2583 Guahan
1366 2521 1723 2605 (Chamissol
1768 2523 1834 2582 in
1868 2524 1975 2584 Hb.
2009 2544 2133 2604 reg.
2167 2523 2381 2606 berol.)

519 2656 708 2706 Frutex
758 2647 947 2703 ramis
996 2646 1334 2720 superioribus
1385 2646 1640 2701 herbaccis
1656 2686 1673 2712 ,
1725 2648 1949 2716 nodosis,
2002 2649 2281 2717 teretibus,
2332 2648 2592 2717 laevibus,

448 2740 660 2808 striatis,
695 2737 910 2812 glabris,
943 2736 1197 2804 flexuosis,
1233 2735 1529 2790 internodiis
1566 2741 1742 2791 7-10
1778 2747 1911 2793 cent.
1946 2737 2141 2811 longis,
2174 2737 2315 2793 nodis
2347 2757 2377 2794 e
2407 2737 2593 2813 petiolo

1318 2899 1325 2926 t

515 2971 556 3040 1)
591 2973 830 3039 Diagnosis
860 2986 1071 3022 ronsrmu
1104 2992 1268 3041 parum
1299 2986 1512 3026 accurata
1546 2993 1571 3024 e
1603 2992 1673 3041 sp.
1708 2991 1846 3025 masc.
1884 2976 2047 3026 saltem
2080 2977 2227 3043 petita
2255 2974 2456 3025 videtur.

513 3054 556 3122 ²)
593 3057 642 3105 P.
679 3056 1101 3124 methysticum
1132 3059 1312 3108 Forst.
1349 3059 1508 3128 (vulgo
1536 3063 1696 3121 Awa,
1731 3060 1926 3128 Kawa)
1957 3062 2010 3110 in
2038 3060 2406 3126 Oceanipacifici
2431 3058 2600 3108 insulis

450 3142 760 3206 intertropicis
794 3139 1034 3204 omnibus,
1069 3143 1131 3192 iis
1165 3144 1314 3192 solum
1350 3147 1581 3209 exceptis,
1616 3162 1734 3211 quae
1769 3147 1922 3211 gentis
1954 3148 2111 3212 nigrae
2144 3145 2272 3195 sedes
2303 3155 2437 3207 sunt,
2472 3145 2597 3192 inter

446 3226 630 3293 plantas
673 3225 820 3274 cultas
860 3227 1118 3291 reperitur,
1167 3245 1253 3277 nec
1290 3228 1385 3277 alia
1427 3230 1594 3293 majori
1642 3245 1752 3279 cura
1794 3240 1842 3278 et
1888 3231 2104 3291 solertia,
2153 3247 2238 3278 nec
2273 3239 2368 3278 tam
2404 3226 2600 3278 assiduis

450 3307 688 3359 laboribus
724 3308 922 3370 colitur,
958 3310 1011 3358 in
1046 3309 1143 3358 solo
1181 3310 1418 3378 ligonibus
1456 3312 1615 3360 crebro
1649 3311 1868 3375 subacto,
1905 3312 1965 3362 ab
1998 3312 2155 3361 herbis
2181 3322 2339 3378 sponte
2370 3312 2597 3361 nascenti-

449 3392 539 3442 bus
574 3393 715 3460 probe
752 3392 972 3441 mundato
988 3427 1003 3454 ,
1041 3402 1088 3440 et
1121 3393 1245 3441 calce
1280 3411 1305 3441 e
1341 3395 1543 3444 coralliis
1573 3405 1622 3443 et
1657 3395 1844 3444 conchis
1881 3398 2072 3445 marinis
2102 3393 2423 3445 fatiscentibus
2462 3393 2599 3441 solli-

451 3480 542 3528 cite
577 3479 853 3528 foecundato
883 3487 996 3527 sata.
1067 3476 1215 3527 Radix
1248 3490 1454 3543 contusa,
1489 3480 1564 3528 vel
1593 3484 1751 3547 potius
1777 3484 2014 3534 masticata
2042 3493 2089 3531 et
2119 3498 2224 3530 cum
2252 3481 2392 3529 saliva
2421 3479 2601 3542 ejecta,

451 3580 639 3613 succum
676 3563 893 3631 praebet,
945 3579 970 3610 e
1013 3578 1107 3628 quo
1148 3562 1352 3611 admixto
1393 3563 1572 3631 liquore
1616 3583 1640 3614 e
1681 3567 1884 3615 nucibus
1935 3568 2098 3616 Cocoes
2147 3566 2222 3614 vel
2280 3563 2443 3614 adfusa
2480 3578 2601 3629 aqua

451 3658 590 3716 potus
628 3659 817 3713 paratur
852 3650 1103 3708 virescens,
1138 3646 1432 3696 vehementer
1468 3648 1703 3713 fervidus,
1740 3650 2091 3700 subnarcoticus
2126 3651 2295 3712 etiam,
2331 3647 2602 3715 pertinacis-

450 3735 580 3781 simis
623 3735 746 3779 inter
789 3740 954 3779 nautas
995 3747 1243 3796 europaeos
1278 3732 1568 3799 potatoribus
1606 3751 1781 3783 summe
1819 3752 2093 3796 nauseosus,
2141 3751 2280 3801 quem
2317 3730 2450 3798 plebs
2485 3746 2605 3797 aqua

455 3823 786 3880 temperatum,
827 3829 1035 3879 proceres
1066 3826 1114 3864 et
1143 3818 1394 3866 sacrificuli
1433 3819 1623 3867 istarum
1660 3822 1870 3886 gentium
1903 3836 2079 3867 merum
2111 3818 2284 3867 crebris
2313 3815 2499 3883 poculis
2528 3815 2608 3862 in-

456 3907 625 3967 gerunt
639 3933 654 3960 ,
700 3914 793 3963 quo
838 3894 971 3944 brevi
1015 3898 1235 3949 inebriati
1280 3903 1332 3949 in
1377 3902 1612 3968 torpidum
1659 3919 1868 3952 somnum
1907 3905 2219 3952 resolvuntur.
2297 3898 2613 3965 Frequentiori

464 3980 841 4051 perniciosissimi
883 3981 1045 4028 temeti
1085 3997 1174 4029 usu
1216 3992 1366 4031 totum
1409 4002 1574 4049 corpus
1617 3986 1739 4034 sicco
1783 3986 1941 4035 ardore
1982 3989 2115 4054 quasi
2157 3983 2451 4041 accenditur,
2487 3978 2615 4027 oculi

464 4066 662 4129 rubent,
704 4066 833 4115 cutis
864 4067 1085 4113 exarescit
1120 4076 1166 4113 et
1200 4069 1249 4114 in
1288 4069 1550 4133 squamulas
1585 4071 1862 4132 exsoliatur,
1897 4087 2014 4136 quae
2052 4069 2237 4120 tandem
2273 4070 2324 4115 in
2357 4064 2515 4113 ulcera
2553 4061 2616 4110 le-

464 4168 599 4217 prosa
640 4150 919 4217 degenerant
965 4148 1040 4197 vel
1090 4150 1349 4198 universam
1397 4155 1601 4217 eorporis
1646 4156 1992 4203 emaciationem
2035 4164 2084 4202 et
2114 4152 2267 4201 tabem
2305 4147 2614 4215 praesagiunt.

465 4235 614 4285 Radix
648 4235 857 4300 (Radix
889 4236 1019 4284 Awa
1033 4233 1079 4301 e)
1117 4233 1176 4283 ob
1221 4236 1314 4283 vim
1349 4234 1638 4286 vehementer
1668 4238 1985 4302 sudorificam,
2019 4241 2068 4287 in
2099 4236 2311 4302 Angliam
2339 4241 2618 4292 transvecta,

467 4323 739 4374 nonnullius
772 4322 898 4390 apud
930 4322 1128 4374 medicos
1159 4337 1282 4371 usus.
1356 4322 1612 4372 Erroneam
1647 4321 1878 4373 Euchir.
1915 4340 1964 4387 p.
2001 4324 2110 4370 151.
