<?xml version="1.0" encoding="UTF-8"?>
<!DOCTYPE html PUBLIC "-//W3C//DTD XHTML 1.0 Transitional//EN"
    "http://www.w3.org/TR/xhtml1/DTD/xhtml1-transitional.dtd">
<html xmlns="http://www.w3.org/1999/xhtml" xml:lang="en" lang="en">
 <head>
  <title>
</title>
<meta http-equiv="Content-Type" content="text/html;charset=utf-8" />
  <meta name='ocr-system' content='tesseract 3.04.00' />
  <meta name='ocr-capabilities' content='ocr_page ocr_carea ocr_par ocr_line ocrx_word'/>
</head>
<body>
  <div class='ocr_page' id='page_1' title='image "./systemapiperace00migugoog_0267.png"; bbox 0 0 3153 5134; ppageno 0'>
   <div class='ocr_carea' id='block_1_1' title="bbox 1469 409 1602 474">
    <p class='ocr_par' dir='ltr' id='par_1_1' title="bbox 1469 409 1602 474">
     <span class='ocr_line' id='line_1_1' title="bbox 1469 409 1602 474; baseline 0.03 -3"><span class='ocrx_word' id='word_1_1' title='bbox 1469 409 1602 474; x_wconf 80' lang='lat'>253</span> 
     </span>
    </p>
   </div>
   <div class='ocr_carea' id='block_1_2' title="bbox 462 602 2616 1101">
    <p class='ocr_par' dir='ltr' id='par_1_2' title="bbox 462 602 2616 1101">
     <span class='ocr_line' id='line_1_2' title="bbox 465 602 2616 690; baseline 0.005 -29"><span class='ocrx_word' id='word_1_2' title='bbox 465 602 674 664; x_wconf 81' lang='lat' dir='ltr'>subtus</span> <span class='ocrx_word' id='word_1_3' title='bbox 726 604 791 663; x_wconf 89' lang='lat' dir='ltr'>in</span> <span class='ocrx_word' id='word_1_4' title='bbox 844 607 1044 666; x_wconf 84' lang='lat' dir='ltr'>nervis</span> <span class='ocrx_word' id='word_1_5' title='bbox 1094 605 1330 684; x_wconf 84' lang='lat' dir='ltr'>petiolis</span> <span class='ocrx_word' id='word_1_6' title='bbox 1380 608 1754 687; x_wconf 81' lang='lat' dir='ltr'>ramulisque</span> <span class='ocrx_word' id='word_1_7' title='bbox 1806 608 2191 672; x_wconf 86' lang='lat' dir='ltr'>subtilissime</span> <span class='ocrx_word' id='word_1_8' title='bbox 2250 611 2565 690; x_wconf 87' lang='lat' dir='ltr'>puberulis</span> <span class='ocrx_word' id='word_1_9' title='bbox 2579 637 2616 689; x_wconf 81' lang='lat'>,-</span> 
     </span>
     <span class='ocr_line' id='line_1_3' title="bbox 462 704 2605 794; baseline 0.005 -32"><span class='ocrx_word' id='word_1_10' title='bbox 462 704 854 767; x_wconf 83' lang='lat' dir='ltr'>inferioribus</span> <span class='ocrx_word' id='word_1_11' title='bbox 885 709 1368 785; x_wconf 86' lang='lat' dir='ltr'>cordato-ovatis,</span> <span class='ocrx_word' id='word_1_12' title='bbox 1410 712 1821 790; x_wconf 87' lang='lat' dir='ltr'>superioribus</span> <span class='ocrx_word' id='word_1_13' title='bbox 1844 720 1906 771; x_wconf 87' lang='lat' dir='ltr'>et</span> <span class='ocrx_word' id='word_1_14' title='bbox 1921 712 2293 790; x_wconf 85' lang='lat' dir='ltr'>juvenilium</span> <span class='ocrx_word' id='word_1_15' title='bbox 2317 714 2605 794; x_wconf 87' lang='lat' dir='ltr'>ellipticis</span> 
     </span>
     <span class='ocr_line' id='line_1_4' title="bbox 465 808 2604 893; baseline 0.005 -26"><span class='ocrx_word' id='word_1_16' title='bbox 465 808 815 889; x_wconf 83' lang='lat' dir='ltr'>oblongisve</span> <span class='ocrx_word' id='word_1_17' title='bbox 851 811 977 872; x_wconf 87' lang='lat' dir='ltr'>basi</span> <span class='ocrx_word' id='word_1_18' title='bbox 1009 813 1433 892; x_wconf 74' lang='lat' dir='ltr'><strong>inaequalibus</strong></span> <span class='ocrx_word' id='word_1_19' title='bbox 1451 859 1470 890; x_wconf 92' lang='lat'><em>,</em></span> <span class='ocrx_word' id='word_1_20' title='bbox 1499 813 1674 893; x_wconf 81' lang='lat' dir='ltr'>apice</span> <span class='ocrx_word' id='word_1_21' title='bbox 1704 814 1826 872; x_wconf 89' lang='lat' dir='ltr'>illis</span> <span class='ocrx_word' id='word_1_22' title='bbox 1856 814 2205 875; x_wconf 81' lang='lat' dir='ltr'>brevissime</span> <span class='ocrx_word' id='word_1_23' title='bbox 2237 816 2333 875; x_wconf 89' lang='lat' dir='ltr'>his</span> <span class='ocrx_word' id='word_1_24' title='bbox 2365 816 2604 877; x_wconf 84' lang='lat' dir='ltr'>modice</span> 
     </span>
     <span class='ocr_line' id='line_1_5' title="bbox 465 913 2603 997; baseline 0.002 -25"><span class='ocrx_word' id='word_1_25' title='bbox 465 913 857 992; x_wconf 88' lang='lat' dir='ltr'>acuminatis,</span> <span class='ocrx_word' id='word_1_26' title='bbox 916 915 1544 995; x_wconf 84' lang='lat' dir='ltr'>subseptuplinerviis‚</span> <span class='ocrx_word' id='word_1_27' title='bbox 1606 917 1860 976; x_wconf 82' lang='lat' dir='ltr'>amentis</span> <span class='ocrx_word' id='word_1_28' title='bbox 1909 917 2092 996; x_wconf 86' lang='lat' dir='ltr'>longe</span> <span class='ocrx_word' id='word_1_29' title='bbox 2142 918 2603 997; x_wconf 85' lang='lat' dir='ltr'>pedunculatis,</span> 
     </span>
     <span class='ocr_line' id='line_1_6' title="bbox 464 1014 2605 1101; baseline 0.003 -27"><span class='ocrx_word' id='word_1_30' title='bbox 464 1014 815 1091; x_wconf 86' lang='lat' dir='ltr'>pedunculo</span> <span class='ocrx_word' id='word_1_31' title='bbox 843 1017 1113 1079; x_wconf 82' lang='lat' dir='ltr'>filisormi</span> <span class='ocrx_word' id='word_1_32' title='bbox 1147 1019 1444 1098; x_wconf 88' lang='lat' dir='ltr'>petiolum</span> <span class='ocrx_word' id='word_1_33' title='bbox 1473 1019 1611 1098; x_wconf 88' lang='lat' dir='ltr'>plus</span> <span class='ocrx_word' id='word_1_34' title='bbox 1642 1019 1832 1096; x_wconf 87' lang='lat' dir='ltr'>duplo</span> <span class='ocrx_word' id='word_1_35' title='bbox 1863 1027 2212 1097; x_wconf 85' lang='lat' dir='ltr'>superante,</span> <span class='ocrx_word' id='word_1_36' title='bbox 2239 1020 2605 1101; x_wconf 82' lang='lat' dir='ltr'>cylindricis.</span> 
     </span>
    </p>
   </div>
   <div class='ocr_carea' id='block_1_3' title="bbox 474 1139 2320 1215">
    <p class='ocr_par' dir='ltr' id='par_1_3' title="bbox 474 1139 2320 1215">
     <span class='ocr_line' id='line_1_7' title="bbox 474 1139 2320 1215; baseline 0.002 -23"><span class='ocrx_word' id='word_1_37' title='bbox 474 1178 478 1183; x_wconf 75' lang='lat'><em>-</em></span> <span class='ocrx_word' id='word_1_38' title='bbox 537 1142 699 1195; x_wconf 88' lang='lat' dir='ltr'>Icon.</span> <span class='ocrx_word' id='word_1_39' title='bbox 727 1139 976 1196; x_wconf 75' lang='lat' dir='ltr'>Blumel.</span> <span class='ocrx_word' id='word_1_40' title='bbox 1006 1157 1053 1197; x_wconf 92' lang='lat' dir='ltr'>c.</span> <span class='ocrx_word' id='word_1_41' title='bbox 1077 1139 1171 1214; x_wconf 80' lang='lat' dir='ltr'>fig.</span> <span class='ocrx_word' id='word_1_42' title='bbox 1201 1144 1269 1195; x_wconf 87' lang='lat' dir='ltr'>VI</span> <span class='ocrx_word' id='word_1_43' title='bbox 1300 1139 1621 1214; x_wconf 88' lang='lat' dir='ltr'>germinatio.</span> <span class='ocrx_word' id='word_1_44' title='bbox 1647 1139 1741 1214; x_wconf 88' lang='lat' dir='ltr'>fig.</span> <span class='ocrx_word' id='word_1_45' title='bbox 1773 1144 1845 1194; x_wconf 88' lang='lat'>18</span> <span class='ocrx_word' id='word_1_46' title='bbox 1872 1139 2058 1195; x_wconf 83' lang='lat' dir='ltr'>folium</span> <span class='ocrx_word' id='word_1_47' title='bbox 2086 1141 2285 1215; x_wconf 76' lang='lat' dir='ltr'>xylogr.</span> <span class='ocrx_word' id='word_1_48' title='bbox 2316 1167 2320 1171; x_wconf 54' lang='grc'><em>’</em></span> 
     </span>
    </p>
   </div>
   <div class='ocr_carea' id='block_1_4' title="bbox 468 1254 2599 1543">
    <p class='ocr_par' dir='ltr' id='par_1_4' title="bbox 468 1254 2599 1543">
     <span class='ocr_line' id='line_1_8' title="bbox 548 1254 2598 1335; baseline 0.002 -21"><span class='ocrx_word' id='word_1_49' title='bbox 548 1254 851 1317; x_wconf 78' lang='lat' dir='ltr'>Habitat</span> <span class='ocrx_word' id='word_1_50' title='bbox 899 1256 964 1315; x_wconf 92' lang='lat' dir='ltr'>in</span> <span class='ocrx_word' id='word_1_51' title='bbox 1015 1257 1160 1316; x_wconf 84' lang='lat' dir='ltr'>Java</span> <span class='ocrx_word' id='word_1_52' title='bbox 1212 1256 1445 1316; x_wconf 88' lang='lat' dir='ltr'>insulae</span> <span class='ocrx_word' id='word_1_53' title='bbox 1494 1255 1673 1335; x_wconf 80' lang='lat' dir='ltr'>sylvis</span> <span class='ocrx_word' id='word_1_54' title='bbox 1721 1255 1989 1316; x_wconf 81' lang='lat' dir='ltr'>humidis</span> <span class='ocrx_word' id='word_1_55' title='bbox 2042 1257 2377 1334; x_wconf 85' lang='lat' dir='ltr'>montanis,</span> <span class='ocrx_word' id='word_1_56' title='bbox 2435 1277 2491 1317; x_wconf 79' lang='lat' dir='ltr'>v.</span> <span class='ocrx_word' id='word_1_57' title='bbox 2544 1276 2598 1318; x_wconf 94' lang='lat' dir='ltr'>c.</span> 
     </span>
     <span class='ocr_line' id='line_1_9' title="bbox 469 1357 2599 1439; baseline 0.003 -25"><span class='ocrx_word' id='word_1_58' title='bbox 469 1357 537 1416; x_wconf 91' lang='lat' dir='ltr'>in</span> <span class='ocrx_word' id='word_1_59' title='bbox 576 1375 656 1433; x_wconf 83' lang='lat' dir='ltr'>m.</span> <span class='ocrx_word' id='word_1_60' title='bbox 702 1358 890 1434; x_wconf 69' lang='lat' dir='ltr'>Gade,</span> <span class='ocrx_word' id='word_1_61' title='bbox 936 1357 1140 1432; x_wconf 91' lang='lat' dir='ltr'>Salak‚</span> <span class='ocrx_word' id='word_1_62' title='bbox 1178 1358 1392 1418; x_wconf 86' lang='lat' dir='ltr'>incolis</span> <span class='ocrx_word' id='word_1_63' title='bbox 1424 1357 1587 1438; x_wconf 82' lang='lat' dir='ltr'>Aroy</span> <span class='ocrx_word' id='word_1_64' title='bbox 1618 1358 1900 1439; x_wconf 71' lang='lat' dir='ltr'>&#39;l&#39;jambay</span> <span class='ocrx_word' id='word_1_65' title='bbox 1931 1358 2032 1419; x_wconf 75' lang='lat' dir='ltr'>vel</span> <span class='ocrx_word' id='word_1_66' title='bbox 2066 1357 2220 1419; x_wconf 89' lang='lat' dir='ltr'>Sirie</span> <span class='ocrx_word' id='word_1_67' title='bbox 2251 1359 2404 1419; x_wconf 88' lang='lat' dir='ltr'>Utan</span> <span class='ocrx_word' id='word_1_68' title='bbox 2435 1359 2599 1420; x_wconf 88' lang='lat' dir='ltr'>dicta</span> 
     </span>
     <span class='ocr_line' id='line_1_10' title="bbox 468 1459 2224 1543; baseline 0.002 -25"><span class='ocrx_word' id='word_1_69' title='bbox 468 1459 742 1538; x_wconf 75' lang='lat' dir='ltr'>(Blumet</span> <span class='ocrx_word' id='word_1_70' title='bbox 785 1461 830 1521; x_wconf 95' lang='lat' dir='ltr'>l.</span> <span class='ocrx_word' id='word_1_71' title='bbox 866 1479 917 1519; x_wconf 91' lang='lat' dir='ltr'>c.</span> <span class='ocrx_word' id='word_1_72' title='bbox 954 1468 1014 1519; x_wconf 90' lang='lat' dir='ltr'>et</span> <span class='ocrx_word' id='word_1_73' title='bbox 1046 1461 1110 1518; x_wconf 92' lang='lat' dir='ltr'>in</span> <span class='ocrx_word' id='word_1_74' title='bbox 1144 1459 1318 1521; x_wconf 85' lang='lat' dir='ltr'>Herb.</span> <span class='ocrx_word' id='word_1_75' title='bbox 1357 1459 1547 1539; x_wconf 83' lang='lat' dir='ltr'>Lugd.</span> <span class='ocrx_word' id='word_1_76' title='bbox 1585 1460 1711 1522; x_wconf 90' lang='lat' dir='ltr'>Bat.</span> <span class='ocrx_word' id='word_1_77' title='bbox 1753 1469 1815 1521; x_wconf 87' lang='lat' dir='ltr'>et</span> <span class='ocrx_word' id='word_1_78' title='bbox 1846 1480 1974 1539; x_wconf 77' lang='lat' dir='ltr'>reg.</span> <span class='ocrx_word' id='word_1_79' title='bbox 2010 1461 2224 1543; x_wconf 84' lang='lat' dir='ltr'>berol.)</span> 
     </span>
    </p>
   </div>
   <div class='ocr_carea' id='block_1_5' title="bbox 459 1590 2613 4454">
    <p class='ocr_par' dir='ltr' id='par_1_5' title="bbox 459 1590 2613 4454">
     <span class='ocr_line' id='line_1_11' title="bbox 534 1590 2603 1668; baseline 0.003 -25"><span class='ocrx_word' id='word_1_80' title='bbox 534 1593 722 1644; x_wconf 83' lang='lat' dir='ltr'>Frutex</span> <span class='ocrx_word' id='word_1_81' title='bbox 768 1590 1124 1664; x_wconf 81' lang='lat' dir='ltr'>magnitudine</span> <span class='ocrx_word' id='word_1_82' title='bbox 1151 1593 1206 1646; x_wconf 92' lang='lat' dir='ltr'>P.</span> <span class='ocrx_word' id='word_1_83' title='bbox 1235 1591 1490 1664; x_wconf 89' lang='lat' dir='ltr'>nigrum</span> <span class='ocrx_word' id='word_1_84' title='bbox 1525 1591 1840 1666; x_wconf 78' lang='lat' dir='ltr'>adaequan8‚</span> <span class='ocrx_word' id='word_1_85' title='bbox 1876 1592 1961 1646; x_wconf 87' lang='lat' dir='ltr'>sed</span> <span class='ocrx_word' id='word_1_86' title='bbox 1995 1593 2189 1647; x_wconf 89' lang='lat' dir='ltr'>caulis</span> <span class='ocrx_word' id='word_1_87' title='bbox 2218 1593 2390 1647; x_wconf 92' lang='lat' dir='ltr'>minus</span> <span class='ocrx_word' id='word_1_88' title='bbox 2418 1594 2603 1668; x_wconf 70' lang='lat' dir='ltr'>lignes-</span> 
     </span>
     <span class='ocr_line' id='line_1_12' title="bbox 459 1676 2607 1753; baseline 0.003 -24"><span class='ocrx_word' id='word_1_89' title='bbox 459 1693 574 1730; x_wconf 90' lang='lat' dir='ltr'>oens</span> <span class='ocrx_word' id='word_1_90' title='bbox 589 1714 606 1742; x_wconf 92' lang='grc'><strong>,</strong></span> <span class='ocrx_word' id='word_1_91' title='bbox 657 1685 710 1729; x_wconf 85' lang='lat' dir='ltr'>et</span> <span class='ocrx_word' id='word_1_92' title='bbox 754 1677 911 1730; x_wconf 88' lang='lat' dir='ltr'>rami</span> <span class='ocrx_word' id='word_1_93' title='bbox 958 1695 1059 1730; x_wconf 89' lang='lat' dir='ltr'>non</span> <span class='ocrx_word' id='word_1_94' title='bbox 1105 1676 1225 1730; x_wconf 89' lang='lat' dir='ltr'>adeo</span> <span class='ocrx_word' id='word_1_95' title='bbox 1268 1676 1511 1732; x_wconf 89' lang='lat' dir='ltr'>intricati.</span> <span class='ocrx_word' id='word_1_96' title='bbox 1585 1678 1734 1731; x_wconf 88' lang='lat' dir='ltr'>Rami</span> <span class='ocrx_word' id='word_1_97' title='bbox 1764 1679 2054 1733; x_wconf 76' lang='lat' dir='ltr'>vetustiores</span> <span class='ocrx_word' id='word_1_98' title='bbox 2086 1679 2385 1753; x_wconf 75' lang='lat' dir='ltr'>cylindrici‚</span> <span class='ocrx_word' id='word_1_99' title='bbox 2422 1680 2607 1736; x_wconf 85' lang='lat' dir='ltr'>leviter</span> 
     </span>
     <span class='ocr_line' id='line_1_13' title="bbox 463 1761 2601 1840; baseline 0.004 -25"><span class='ocrx_word' id='word_1_100' title='bbox 463 1761 631 1816; x_wconf 88' lang='lat' dir='ltr'>striati</span> <span class='ocrx_word' id='word_1_101' title='bbox 649 1801 666 1829; x_wconf 89' lang='grc'><strong>,</strong></span> <span class='ocrx_word' id='word_1_102' title='bbox 709 1762 940 1836; x_wconf 88' lang='lat' dir='ltr'>juniores</span> <span class='ocrx_word' id='word_1_103' title='bbox 981 1762 1099 1836; x_wconf 91' lang='lat' dir='ltr'>plus</span> <span class='ocrx_word' id='word_1_104' title='bbox 1143 1764 1375 1819; x_wconf 89' lang='lat' dir='ltr'>minusve</span> <span class='ocrx_word' id='word_1_105' title='bbox 1417 1764 1680 1838; x_wconf 80' lang='lat' dir='ltr'>angulosi,</span> <span class='ocrx_word' id='word_1_106' title='bbox 1716 1765 1936 1834; x_wconf 89' lang='lat' dir='ltr'>sulcati,</span> <span class='ocrx_word' id='word_1_107' title='bbox 1970 1767 2205 1840; x_wconf 85' lang='lat' dir='ltr'>inprimis</span> <span class='ocrx_word' id='word_1_108' title='bbox 2239 1768 2507 1840; x_wconf 74' lang='lat' dir='ltr'>superiores</span> <span class='ocrx_word' id='word_1_109' title='bbox 2535 1769 2601 1824; x_wconf 92' lang='lat' dir='ltr'>ad</span> 
     </span>
     <span class='ocr_line' id='line_1_14' title="bbox 463 1846 2602 1927; baseline 0.004 -27"><span class='ocrx_word' id='word_1_110' title='bbox 463 1846 656 1902; x_wconf 90' lang='lat' dir='ltr'>lentem</span> <span class='ocrx_word' id='word_1_111' title='bbox 701 1847 1030 1902; x_wconf 82' lang='lat' dir='ltr'>subtilissime</span> <span class='ocrx_word' id='word_1_112' title='bbox 1071 1849 1339 1921; x_wconf 87' lang='lat' dir='ltr'>puberuli‚</span> <span class='ocrx_word' id='word_1_113' title='bbox 1391 1850 1690 1905; x_wconf 81' lang='lat' dir='ltr'>internodiis</span> <span class='ocrx_word' id='word_1_114' title='bbox 1734 1856 1873 1907; x_wconf 78' lang='grc'>4-9</span> <span class='ocrx_word' id='word_1_115' title='bbox 1927 1863 2059 1908; x_wconf 88' lang='lat' dir='ltr'>cent.</span> <span class='ocrx_word' id='word_1_116' title='bbox 2107 1853 2300 1927; x_wconf 82' lang='lat' dir='ltr'>longis,</span> <span class='ocrx_word' id='word_1_117' title='bbox 2334 1854 2602 1925; x_wconf 78' lang='lat' dir='ltr'>flexuosis3</span> 
     </span>
     <span class='ocr_line' id='line_1_15' title="bbox 466 1934 2602 2015; baseline 0.003 -27"><span class='ocrx_word' id='word_1_118' title='bbox 466 1934 608 1989; x_wconf 89' lang='lat' dir='ltr'>nodis</span> <span class='ocrx_word' id='word_1_119' title='bbox 633 1935 849 1989; x_wconf 85' lang='lat' dir='ltr'>tumidis</span> <span class='ocrx_word' id='word_1_120' title='bbox 878 1936 1229 1992; x_wconf 84' lang='lat' dir='ltr'>tuberculosis.</span> <span class='ocrx_word' id='word_1_121' title='bbox 1317 1938 1491 1993; x_wconf 86' lang='lat' dir='ltr'>Folia</span> <span class='ocrx_word' id='word_1_122' title='bbox 1520 1937 1815 1993; x_wconf 77' lang='lat' dir='ltr'>inferiora</span> <span class='ocrx_word' id='word_1_123' title='bbox 1843 1939 2026 1994; x_wconf 86' lang='lat' dir='ltr'>latiora</span> <span class='ocrx_word' id='word_1_124' title='bbox 2058 1941 2219 2013; x_wconf 82' lang='lat' dir='ltr'>magis</span> <span class='ocrx_word' id='word_1_125' title='bbox 2246 1940 2479 2008; x_wconf 87' lang='lat' dir='ltr'>cordata,</span> <span class='ocrx_word' id='word_1_126' title='bbox 2514 1960 2602 2015; x_wconf 86' lang='lat' dir='ltr'>pa-</span> 
     </span>
     <span class='ocr_line' id='line_1_16' title="bbox 462 2022 2606 2098; baseline 0.003 -22"><span class='ocrx_word' id='word_1_127' title='bbox 462 2040 672 2094; x_wconf 85' lang='lat' dir='ltr'>rumper</span> <span class='ocrx_word' id='word_1_128' title='bbox 698 2022 904 2098; x_wconf 85' lang='lat' dir='ltr'>obliqua</span> <span class='ocrx_word' id='word_1_129' title='bbox 921 2061 940 2091; x_wconf 86' lang='lat'>‚</span> <span class='ocrx_word' id='word_1_130' title='bbox 975 2023 1178 2097; x_wconf 86' lang='lat' dir='ltr'>longius</span> <span class='ocrx_word' id='word_1_131' title='bbox 1206 2024 1445 2097; x_wconf 86' lang='lat' dir='ltr'>petiolata</span> <span class='ocrx_word' id='word_1_132' title='bbox 1462 2064 1479 2093; x_wconf 92' lang='lat'><strong>‚</strong></span> <span class='ocrx_word' id='word_1_133' title='bbox 1515 2025 1791 2081; x_wconf 83' lang='lat' dir='ltr'>lato-ovata</span> <span class='ocrx_word' id='word_1_134' title='bbox 1808 2065 1825 2094; x_wconf 92' lang='lat'><strong>‚</strong></span> <span class='ocrx_word' id='word_1_135' title='bbox 1863 2028 2155 2082; x_wconf 76' lang='lat' dir='ltr'>acuminata</span> <span class='ocrx_word' id='word_1_136' title='bbox 2174 2066 2190 2095; x_wconf 79' lang='lat'>,</span> <span class='ocrx_word' id='word_1_137' title='bbox 2226 2028 2459 2082; x_wconf 84' lang='lat' dir='ltr'>acumine</span> <span class='ocrx_word' id='word_1_138' title='bbox 2487 2048 2606 2084; x_wconf 87' lang='lat' dir='ltr'>aeu-</span> 
     </span>
     <span class='ocr_line' id='line_1_17' title="bbox 466 2111 2610 2186; baseline 0.004 -22"><span class='ocrx_word' id='word_1_139' title='bbox 466 2118 545 2176; x_wconf 88' lang='lat' dir='ltr'>to,</span> <span class='ocrx_word' id='word_1_140' title='bbox 579 2111 686 2165; x_wconf 71' lang='lat' dir='ltr'>basi</span> <span class='ocrx_word' id='word_1_141' title='bbox 717 2111 1009 2186; x_wconf 82' lang='lat' dir='ltr'>subaequali</span> <span class='ocrx_word' id='word_1_142' title='bbox 1038 2112 1242 2167; x_wconf 89' lang='lat' dir='ltr'>cordata</span> <span class='ocrx_word' id='word_1_143' title='bbox 1266 2112 1347 2167; x_wconf 87' lang='lat' dir='ltr'>vel</span> <span class='ocrx_word' id='word_1_144' title='bbox 1373 2123 1875 2182; x_wconf 79' lang='lat' dir='ltr'>concavo-truncata,</span> <span class='ocrx_word' id='word_1_145' title='bbox 1906 2114 2418 2184; x_wconf 84' lang='lat' dir='ltr'>subnoveno·nervia‚</span> <span class='ocrx_word' id='word_1_146' title='bbox 2443 2118 2610 2172; x_wconf 81' lang='lat' dir='ltr'>nervis</span> 
     </span>
     <span class='ocr_line' id='line_1_18' title="bbox 470 2199 2610 2279; baseline 0.004 -27"><span class='ocrx_word' id='word_1_147' title='bbox 470 2201 506 2253; x_wconf 78' lang='lat'>8</span> <span class='ocrx_word' id='word_1_148' title='bbox 551 2199 732 2253; x_wconf 88' lang='lat' dir='ltr'>mediis</span> <span class='ocrx_word' id='word_1_149' title='bbox 775 2219 924 2273; x_wconf 84' lang='lat' dir='ltr'>supra</span> <span class='ocrx_word' id='word_1_150' title='bbox 968 2200 1113 2256; x_wconf 87' lang='lat' dir='ltr'>basin</span> <span class='ocrx_word' id='word_1_151' title='bbox 1159 2200 1341 2255; x_wconf 89' lang='lat' dir='ltr'>solutis</span> <span class='ocrx_word' id='word_1_152' title='bbox 1365 2219 1454 2274; x_wconf 91' lang='lat' dir='ltr'>per</span> <span class='ocrx_word' id='word_1_153' title='bbox 1487 2211 1818 2255; x_wconf 85' lang='lat' dir='ltr'>anastomoses</span> <span class='ocrx_word' id='word_1_154' title='bbox 1851 2201 1915 2255; x_wconf 91' lang='lat' dir='ltr'>ad</span> <span class='ocrx_word' id='word_1_155' title='bbox 1946 2202 2137 2274; x_wconf 89' lang='lat' dir='ltr'>apicem</span> <span class='ocrx_word' id='word_1_156' title='bbox 2168 2203 2333 2258; x_wconf 83' lang='lat' dir='ltr'>ductis</span> <span class='ocrx_word' id='word_1_157' title='bbox 2349 2241 2366 2270; x_wconf 85' lang='lat'><strong>‚</strong></span> <span class='ocrx_word' id='word_1_158' title='bbox 2401 2205 2610 2279; x_wconf 85' lang='lat' dir='ltr'>reliquis</span> 
     </span>
     <span class='ocr_line' id='line_1_19' title="bbox 468 2284 2610 2363; baseline 0.004 -25"><span class='ocrx_word' id='word_1_159' title='bbox 468 2303 498 2338; x_wconf 91' lang='lat' dir='ltr'>c</span> <span class='ocrx_word' id='word_1_160' title='bbox 525 2284 658 2353; x_wconf 89' lang='lat' dir='ltr'>basi,</span> <span class='ocrx_word' id='word_1_161' title='bbox 688 2290 759 2341; x_wconf 81' lang='lat'>14</span> <span class='ocrx_word' id='word_1_162' title='bbox 793 2296 927 2343; x_wconf 83' lang='lat' dir='ltr'>cent.</span> <span class='ocrx_word' id='word_1_163' title='bbox 956 2287 1137 2360; x_wconf 79' lang='lat' dir='ltr'>longa,</span> <span class='ocrx_word' id='word_1_164' title='bbox 1174 2292 1246 2351; x_wconf 72' lang='lat'>91¹:</span> <span class='ocrx_word' id='word_1_165' title='bbox 1282 2286 1411 2354; x_wconf 83' lang='lat' dir='ltr'>lata,</span> <span class='ocrx_word' id='word_1_166' title='bbox 1446 2287 1705 2360; x_wconf 88' lang='lat' dir='ltr'>petiolis</span> <span class='ocrx_word' id='word_1_167' title='bbox 1735 2291 1880 2342; x_wconf 78' lang='grc'>4-6</span> <span class='ocrx_word' id='word_1_168' title='bbox 1913 2298 2047 2343; x_wconf 89' lang='lat' dir='ltr'>cent.</span> <span class='ocrx_word' id='word_1_169' title='bbox 2077 2288 2262 2362; x_wconf 80' lang='lat' dir='ltr'>longis3</span> <span class='ocrx_word' id='word_1_170' title='bbox 2298 2297 2610 2363; x_wconf 85' lang='lat' dir='ltr'>superiora</span> 
     </span>
     <span class='ocr_line' id='line_1_20' title="bbox 474 2372 2611 2450; baseline 0.003 -23"><span class='ocrx_word' id='word_1_171' title='bbox 474 2375 634 2448; x_wconf 85' lang='lat' dir='ltr'>magis</span> <span class='ocrx_word' id='word_1_172' title='bbox 671 2372 1077 2448; x_wconf 83' lang='lat' dir='ltr'>ovato-oblonga,</span> <span class='ocrx_word' id='word_1_173' title='bbox 1114 2374 1369 2449; x_wconf 88' lang='lat' dir='ltr'>petiolis</span> <span class='ocrx_word' id='word_1_174' title='bbox 1413 2379 1556 2430; x_wconf 84' lang='lat'>1-2</span> <span class='ocrx_word' id='word_1_175' title='bbox 1588 2385 1721 2430; x_wconf 90' lang='lat' dir='ltr'>cent.</span> <span class='ocrx_word' id='word_1_176' title='bbox 1749 2375 1912 2449; x_wconf 88' lang='lat' dir='ltr'>longis</span> <span class='ocrx_word' id='word_1_177' title='bbox 1937 2386 1988 2430; x_wconf 90' lang='lat' dir='ltr'>et</span> <span class='ocrx_word' id='word_1_178' title='bbox 2013 2376 2323 2450; x_wconf 81' lang='lat' dir='ltr'>longioribus</span> <span class='ocrx_word' id='word_1_179' title='bbox 2355 2378 2611 2433; x_wconf 89' lang='lat' dir='ltr'>canalicu-</span> 
     </span>
     <span class='ocr_line' id='line_1_21' title="bbox 471 2458 2613 2536; baseline 0.003 -21"><span class='ocrx_word' id='word_1_180' title='bbox 471 2458 622 2528; x_wconf 87' lang='lat' dir='ltr'>latis‚</span> <span class='ocrx_word' id='word_1_181' title='bbox 673 2461 784 2516; x_wconf 89' lang='lat' dir='ltr'>basi</span> <span class='ocrx_word' id='word_1_182' title='bbox 823 2462 903 2517; x_wconf 82' lang='lat' dir='ltr'>vel</span> <span class='ocrx_word' id='word_1_183' title='bbox 937 2463 1001 2517; x_wconf 89' lang='lat' dir='ltr'>ad</span> <span class='ocrx_word' id='word_1_184' title='bbox 1035 2469 1067 2532; x_wconf 72' lang='lat'>{-</span> <span class='ocrx_word' id='word_1_185' title='bbox 1100 2463 1191 2519; x_wconf 86' lang='lat' dir='ltr'>alt.</span> <span class='ocrx_word' id='word_1_186' title='bbox 1224 2462 1460 2536; x_wconf 88' lang='lat' dir='ltr'>stipula</span> <span class='ocrx_word' id='word_1_187' title='bbox 1491 2463 1632 2517; x_wconf 85' lang='lat' dir='ltr'>dorso</span> <span class='ocrx_word' id='word_1_188' title='bbox 1666 2462 1855 2518; x_wconf 88' lang='lat' dir='ltr'>adnata</span> <span class='ocrx_word' id='word_1_189' title='bbox 1886 2463 2025 2518; x_wconf 87' lang='lat' dir='ltr'>brevi</span> <span class='ocrx_word' id='word_1_190' title='bbox 2060 2464 2344 2520; x_wconf 44' lang='lat' dir='ltr'>lanceolata*</span> <span class='ocrx_word' id='word_1_191' title='bbox 2363 2466 2613 2522; x_wconf 89' lang='lat' dir='ltr'>membra·</span> 
     </span>
     <span class='ocr_line' id='line_1_22' title="bbox 467 2547 2607 2623; baseline 0.005 -22"><span class='ocrx_word' id='word_1_192' title='bbox 467 2547 665 2617; x_wconf 80' lang='lat' dir='ltr'>naccis,</span> <span class='ocrx_word' id='word_1_193' title='bbox 719 2549 903 2621; x_wconf 89' lang='lat' dir='ltr'>postiee</span> <span class='ocrx_word' id='word_1_194' title='bbox 947 2549 1218 2617; x_wconf 73' lang='lat' dir='ltr'>sti-inlatis,</span> <span class='ocrx_word' id='word_1_195' title='bbox 1270 2549 1532 2623; x_wconf 86' lang='lat' dir='ltr'>puberulis</span> <span class='ocrx_word' id='word_1_196' title='bbox 1578 2549 1658 2605; x_wconf 85' lang='lat' dir='ltr'>vel</span> <span class='ocrx_word' id='word_1_197' title='bbox 1709 2548 1911 2623; x_wconf 75' lang='lat' dir='ltr'>glabriS.</span> <span class='ocrx_word' id='word_1_198' title='bbox 2002 2551 2398 2607; x_wconf 88' lang='lat' dir='ltr'>Laminarnm</span> <span class='ocrx_word' id='word_1_199' title='bbox 2443 2552 2607 2611; x_wconf 81' lang='lat' dir='ltr'>forma</span> 
     </span>
     <span class='ocr_line' id='line_1_23' title="bbox 465 2635 2608 2711; baseline 0.003 -21"><span class='ocrx_word' id='word_1_200' title='bbox 465 2636 619 2690; x_wconf 87' lang='lat' dir='ltr'>etiam</span> <span class='ocrx_word' id='word_1_201' title='bbox 663 2654 754 2708; x_wconf 92' lang='lat' dir='ltr'>pro</span> <span class='ocrx_word' id='word_1_202' title='bbox 782 2645 946 2690; x_wconf 88' lang='lat' dir='ltr'>aetate</span> <span class='ocrx_word' id='word_1_203' title='bbox 977 2637 1174 2705; x_wconf 78' lang='lat' dir='ltr'>variat3</span> <span class='ocrx_word' id='word_1_204' title='bbox 1211 2638 1267 2690; x_wconf 90' lang='lat' dir='ltr'>in</span> <span class='ocrx_word' id='word_1_205' title='bbox 1297 2636 1564 2690; x_wconf 81' lang='lat' dir='ltr'>fruticibus</span> <span class='ocrx_word' id='word_1_206' title='bbox 1594 2637 1794 2691; x_wconf 87' lang='lat' dir='ltr'>annosis</span> <span class='ocrx_word' id='word_1_207' title='bbox 1825 2635 2027 2690; x_wconf 89' lang='lat' dir='ltr'>latiores</span> <span class='ocrx_word' id='word_1_208' title='bbox 2064 2640 2227 2711; x_wconf 85' lang='lat' dir='ltr'>magis</span> <span class='ocrx_word' id='word_1_209' title='bbox 2261 2639 2516 2709; x_wconf 86' lang='lat' dir='ltr'>cordatae‚</span> <span class='ocrx_word' id='word_1_210' title='bbox 2551 2642 2608 2697; x_wconf 87' lang='lat' dir='ltr'>in</span> 
     </span>
     <span class='ocr_line' id='line_1_24' title="bbox 459 2723 2607 2797; baseline 0.003 -20"><span class='ocrx_word' id='word_1_211' title='bbox 459 2724 777 2797; x_wconf 87' lang='lat' dir='ltr'>juvenilibus</span> <span class='ocrx_word' id='word_1_212' title='bbox 821 2735 873 2778; x_wconf 92' lang='lat' dir='ltr'>et</span> <span class='ocrx_word' id='word_1_213' title='bbox 919 2743 1220 2778; x_wconf 90' lang='lat' dir='ltr'>annosarum</span> <span class='ocrx_word' id='word_1_214' title='bbox 1264 2723 1477 2778; x_wconf 86' lang='lat' dir='ltr'>ramulis</span> <span class='ocrx_word' id='word_1_215' title='bbox 1505 2724 1569 2778; x_wconf 90' lang='lat' dir='ltr'>ad</span> <span class='ocrx_word' id='word_1_216' title='bbox 1602 2724 1885 2797; x_wconf 87' lang='lat' dir='ltr'>elongatam</span> <span class='ocrx_word' id='word_1_217' title='bbox 1917 2723 2132 2778; x_wconf 80' lang='lat' dir='ltr'>sormam</span> <span class='ocrx_word' id='word_1_218' title='bbox 2163 2726 2422 2782; x_wconf 86' lang='lat' dir='ltr'>tendentes</span> <span class='ocrx_word' id='word_1_219' title='bbox 2437 2766 2454 2796; x_wconf 91' lang='lat'><strong>‚</strong></span> <span class='ocrx_word' id='word_1_220' title='bbox 2485 2728 2607 2785; x_wconf 86' lang='lat' dir='ltr'>illae</span> 
     </span>
     <span class='ocr_line' id='line_1_25' title="bbox 466 2810 2605 2887; baseline 0.001 -20"><span class='ocrx_word' id='word_1_221' title='bbox 466 2823 642 2868; x_wconf 84' lang='lat' dir='ltr'>ovatae</span> <span class='ocrx_word' id='word_1_222' title='bbox 691 2812 797 2867; x_wconf 88' lang='lat' dir='ltr'>basi</span> <span class='ocrx_word' id='word_1_223' title='bbox 843 2812 1093 2887; x_wconf 86' lang='lat' dir='ltr'>inaequali</span> <span class='ocrx_word' id='word_1_224' title='bbox 1135 2811 1435 2866; x_wconf 77' lang='lat' dir='ltr'>rotundatas</span> <span class='ocrx_word' id='word_1_225' title='bbox 1484 2812 1562 2866; x_wconf 87' lang='lat' dir='ltr'>vel</span> <span class='ocrx_word' id='word_1_226' title='bbox 1608 2811 1787 2865; x_wconf 82' lang='lat' dir='ltr'>leviter</span> <span class='ocrx_word' id='word_1_227' title='bbox 1833 2810 2065 2865; x_wconf 89' lang='lat' dir='ltr'>cordatae</span> <span class='ocrx_word' id='word_1_228' title='bbox 2080 2851 2097 2879; x_wconf 87' lang='lat'>‚</span> <span class='ocrx_word' id='word_1_229' title='bbox 2149 2813 2285 2885; x_wconf 85' lang='lat' dir='ltr'>apice</span> <span class='ocrx_word' id='word_1_230' title='bbox 2313 2812 2605 2870; x_wconf 87' lang='lat' dir='ltr'>brevissime</span> 
     </span>
     <span class='ocr_line' id='line_1_26' title="bbox 470 2897 2604 2972; baseline 0.002 -19"><span class='ocrx_word' id='word_1_231' title='bbox 470 2901 792 2955; x_wconf 89' lang='lat' dir='ltr'>acuminatae</span> <span class='ocrx_word' id='word_1_232' title='bbox 839 2905 947 2967; x_wconf 69' lang='lat'>11}</span> <span class='ocrx_word' id='word_1_233' title='bbox 992 2910 1123 2954; x_wconf 86' lang='lat' dir='ltr'>cent.</span> <span class='ocrx_word' id='word_1_234' title='bbox 1167 2899 1346 2972; x_wconf 88' lang='lat' dir='ltr'>longae</span> <span class='ocrx_word' id='word_1_235' title='bbox 1363 2938 1380 2967; x_wconf 99' lang='grc'><strong>,</strong></span> <span class='ocrx_word' id='word_1_236' title='bbox 1431 2904 1503 2965; x_wconf 66' lang='grc' dir='ltr'>Ὶί-</span> <span class='ocrx_word' id='word_1_237' title='bbox 1532 2899 1696 2964; x_wconf 79' lang='lat' dir='ltr'>latae,</span> <span class='ocrx_word' id='word_1_238' title='bbox 1733 2897 2276 2971; x_wconf 87' lang='lat' dir='ltr'>subseptuplinerviae‚</span> <span class='ocrx_word' id='word_1_239' title='bbox 2318 2901 2464 2955; x_wconf 86' lang='lat' dir='ltr'>costis</span> <span class='ocrx_word' id='word_1_240' title='bbox 2493 2903 2604 2960; x_wconf 88' lang='lat' dir='ltr'>scil.</span> 
     </span>
     <span class='ocr_line' id='line_1_27' title="bbox 471 2984 2610 3062; baseline 0.003 -23"><span class='ocrx_word' id='word_1_241' title='bbox 471 2986 713 3060; x_wconf 84' lang='lat' dir='ltr'>utrinque</span> <span class='ocrx_word' id='word_1_242' title='bbox 751 2992 786 3042; x_wconf 87' lang='grc'><strong>3</strong></span> <span class='ocrx_word' id='word_1_243' title='bbox 823 2986 1138 3053; x_wconf 83' lang='lat' dir='ltr'>fortioribus,</span> <span class='ocrx_word' id='word_1_244' title='bbox 1179 3004 1401 3061; x_wconf 88' lang='lat' dir='ltr'>quarum</span> <span class='ocrx_word' id='word_1_245' title='bbox 1441 2986 1569 3040; x_wconf 89' lang='lat' dir='ltr'>duae</span> <span class='ocrx_word' id='word_1_246' title='bbox 1604 2984 1815 3039; x_wconf 90' lang='lat' dir='ltr'>infimae</span> <span class='ocrx_word' id='word_1_247' title='bbox 1850 3003 2001 3057; x_wconf 90' lang='lat' dir='ltr'>prope</span> <span class='ocrx_word' id='word_1_248' title='bbox 2040 2985 2181 3040; x_wconf 91' lang='lat' dir='ltr'>basin</span> <span class='ocrx_word' id='word_1_249' title='bbox 2199 3024 2217 3051; x_wconf 81' lang='grc'><strong>,</strong></span> <span class='ocrx_word' id='word_1_250' title='bbox 2255 2988 2405 3042; x_wconf 86' lang='lat' dir='ltr'>tertia</span> <span class='ocrx_word' id='word_1_251' title='bbox 2433 2990 2610 3062; x_wconf 90' lang='lat' dir='ltr'>paullo</span> 
     </span>
     <span class='ocr_line' id='line_1_28' title="bbox 465 3071 2605 3147; baseline 0.002 -20"><span class='ocrx_word' id='word_1_252' title='bbox 465 3076 709 3128; x_wconf 89' lang='lat' dir='ltr'>remotius</span> <span class='ocrx_word' id='word_1_253' title='bbox 749 3073 816 3128; x_wconf 91' lang='lat' dir='ltr'>ab</span> <span class='ocrx_word' id='word_1_254' title='bbox 853 3092 911 3127; x_wconf 92' lang='lat' dir='ltr'>ea</span> <span class='ocrx_word' id='word_1_255' title='bbox 952 3075 1149 3144; x_wconf 80' lang='lat' dir='ltr'>oritur3</span> <span class='ocrx_word' id='word_1_256' title='bbox 1187 3076 1386 3147; x_wconf 89' lang='lat' dir='ltr'>insuper</span> <span class='ocrx_word' id='word_1_257' title='bbox 1429 3073 1626 3127; x_wconf 83' lang='lat' dir='ltr'>nervuli</span> <span class='ocrx_word' id='word_1_258' title='bbox 1659 3082 1835 3127; x_wconf 87' lang='lat' dir='ltr'>tenues</span> <span class='ocrx_word' id='word_1_259' title='bbox 1863 3071 2100 3127; x_wconf 85' lang='lat' dir='ltr'>basilares</span> <span class='ocrx_word' id='word_1_260' title='bbox 2129 3073 2367 3128; x_wconf 85' lang='lat' dir='ltr'>citissime</span> <span class='ocrx_word' id='word_1_261' title='bbox 2392 3076 2605 3132; x_wconf 86' lang='lat' dir='ltr'>evanidi.</span> 
     </span>
     <span class='ocr_line' id='line_1_29' title="bbox 467 3157 2605 3235; baseline 0.002 -20"><span class='ocrx_word' id='word_1_262' title='bbox 467 3164 654 3215; x_wconf 87' lang='lat' dir='ltr'>Omnes</span> <span class='ocrx_word' id='word_1_263' title='bbox 697 3181 861 3215; x_wconf 86' lang='lat' dir='ltr'>versus</span> <span class='ocrx_word' id='word_1_264' title='bbox 896 3163 1144 3235; x_wconf 80' lang='lat' dir='ltr'>margines</span> <span class='ocrx_word' id='word_1_265' title='bbox 1179 3162 1469 3227; x_wconf 72' lang='lat' dir='ltr'>tendentes,</span> <span class='ocrx_word' id='word_1_266' title='bbox 1507 3179 1768 3234; x_wconf 87' lang='lat' dir='ltr'>supremae</span> <span class='ocrx_word' id='word_1_267' title='bbox 1801 3158 1883 3212; x_wconf 81' lang='lat' dir='ltr'>vix</span> <span class='ocrx_word' id='word_1_268' title='bbox 1913 3157 1977 3211; x_wconf 86' lang='lat' dir='ltr'>ad</span> <span class='ocrx_word' id='word_1_269' title='bbox 2008 3159 2202 3231; x_wconf 86' lang='lat' dir='ltr'>apicem</span> <span class='ocrx_word' id='word_1_270' title='bbox 2234 3159 2447 3231; x_wconf 84' lang='lat' dir='ltr'>ductae,</span> <span class='ocrx_word' id='word_1_271' title='bbox 2483 3183 2605 3219; x_wconf 91' lang='lat' dir='ltr'>cum</span> 
     </span>
     <span class='ocr_line' id='line_1_30' title="bbox 467 3245 2605 3323; baseline 0.003 -21"><span class='ocrx_word' id='word_1_272' title='bbox 467 3247 522 3302; x_wconf 91' lang='lat' dir='ltr'>in</span> <span class='ocrx_word' id='word_1_273' title='bbox 552 3259 875 3303; x_wconf 84' lang='lat' dir='ltr'>anastomoses</span> <span class='ocrx_word' id='word_1_274' title='bbox 903 3250 1099 3304; x_wconf 80' lang='lat' dir='ltr'>crebras</span> <span class='ocrx_word' id='word_1_275' title='bbox 1128 3248 1436 3323; x_wconf 88' lang='lat' dir='ltr'>prominulas</span> <span class='ocrx_word' id='word_1_276' title='bbox 1466 3247 1670 3321; x_wconf 83' lang='lat' dir='ltr'>patulas</span> <span class='ocrx_word' id='word_1_277' title='bbox 1707 3248 1805 3301; x_wconf 88' lang='lat' dir='ltr'>cito</span> <span class='ocrx_word' id='word_1_278' title='bbox 1836 3245 2148 3302; x_wconf 84' lang='lat' dir='ltr'>delitescant.</span> <span class='ocrx_word' id='word_1_279' title='bbox 2221 3250 2499 3305; x_wconf 89' lang='lat' dir='ltr'>Laminae</span> <span class='ocrx_word' id='word_1_280' title='bbox 2526 3253 2605 3309; x_wconf 85' lang='lat' dir='ltr'>fo·</span> 
     </span>
     <span class='ocr_line' id='line_1_31' title="bbox 466 3334 2609 3415; baseline 0.004 -28"><span class='ocrx_word' id='word_1_281' title='bbox 466 3334 657 3389; x_wconf 90' lang='lat' dir='ltr'>liorum</span> <span class='ocrx_word' id='word_1_282' title='bbox 700 3335 946 3389; x_wconf 90' lang='lat' dir='ltr'>altiorum</span> <span class='ocrx_word' id='word_1_283' title='bbox 989 3336 1230 3409; x_wconf 86' lang='lat' dir='ltr'>oblongae</span> <span class='ocrx_word' id='word_1_284' title='bbox 1247 3376 1264 3404; x_wconf 87' lang='lat'>‚</span> <span class='ocrx_word' id='word_1_285' title='bbox 1313 3340 1386 3389; x_wconf 89' lang='lat'>18</span> <span class='ocrx_word' id='word_1_286' title='bbox 1431 3343 1562 3389; x_wconf 89' lang='lat' dir='ltr'>cent.</span> <span class='ocrx_word' id='word_1_287' title='bbox 1593 3334 1771 3407; x_wconf 88' lang='lat' dir='ltr'>longae</span> <span class='ocrx_word' id='word_1_288' title='bbox 1788 3372 1805 3401; x_wconf 84' lang='lat'><strong>‚</strong></span> <span class='ocrx_word' id='word_1_289' title='bbox 1840 3338 1986 3389; x_wconf 82' lang='lat'>6—&#39;7</span> <span class='ocrx_word' id='word_1_290' title='bbox 2012 3334 2148 3389; x_wconf 88' lang='lat' dir='ltr'>latae</span> <span class='ocrx_word' id='word_1_291' title='bbox 2165 3374 2181 3401; x_wconf 84' lang='lat'>‚</span> <span class='ocrx_word' id='word_1_292' title='bbox 2216 3335 2322 3390; x_wconf 89' lang='lat' dir='ltr'>basi</span> <span class='ocrx_word' id='word_1_293' title='bbox 2354 3337 2609 3415; x_wconf 88' lang='lat' dir='ltr'>inaequali</span> 
     </span>
     <span class='ocr_line' id='line_1_32' title="bbox 469 3421 2606 3499; baseline 0.002 -22"><span class='ocrx_word' id='word_1_294' title='bbox 469 3422 706 3497; x_wconf 88' lang='lat' dir='ltr'>obliquae</span> <span class='ocrx_word' id='word_1_295' title='bbox 722 3461 739 3489; x_wconf 91' lang='lat'>,</span> <span class='ocrx_word' id='word_1_296' title='bbox 784 3424 922 3496; x_wconf 88' lang='lat' dir='ltr'>apice</span> <span class='ocrx_word' id='word_1_297' title='bbox 967 3424 1300 3489; x_wconf 60' lang='lat' dir='ltr'>acuminatam,</span> <span class='ocrx_word' id='word_1_298' title='bbox 1350 3422 1515 3476; x_wconf 89' lang='lat' dir='ltr'>nervis</span> <span class='ocrx_word' id='word_1_299' title='bbox 1556 3421 1796 3487; x_wconf 80' lang='lat' dir='ltr'>totidem,</span> <span class='ocrx_word' id='word_1_300' title='bbox 1849 3422 1932 3475; x_wconf 86' lang='lat' dir='ltr'>sed</span> <span class='ocrx_word' id='word_1_301' title='bbox 1978 3432 2114 3475; x_wconf 89' lang='lat' dir='ltr'>costa</span> <span class='ocrx_word' id='word_1_302' title='bbox 2154 3441 2388 3495; x_wconf 90' lang='lat' dir='ltr'>suprema</span> <span class='ocrx_word' id='word_1_303' title='bbox 2432 3427 2606 3499; x_wconf 88' lang='lat' dir='ltr'>paullo</span> 
     </span>
     <span class='ocr_line' id='line_1_33' title="bbox 467 3503 2605 3584; baseline 0.004 -23"><span class='ocrx_word' id='word_1_304' title='bbox 467 3510 707 3563; x_wconf 88' lang='lat' dir='ltr'>remotius</span> <span class='ocrx_word' id='word_1_305' title='bbox 735 3529 765 3563; x_wconf 89' lang='lat' dir='ltr'>a</span> <span class='ocrx_word' id='word_1_306' title='bbox 794 3509 901 3562; x_wconf 88' lang='lat' dir='ltr'>basi</span> <span class='ocrx_word' id='word_1_307' title='bbox 922 3509 1078 3563; x_wconf 87' lang='lat' dir='ltr'>libera</span> <span class='ocrx_word' id='word_1_308' title='bbox 1101 3508 1200 3563; x_wconf 81' lang='lat' dir='ltr'>fere</span> <span class='ocrx_word' id='word_1_309' title='bbox 1227 3509 1288 3563; x_wconf 88' lang='lat' dir='ltr'>ad</span> <span class='ocrx_word' id='word_1_310' title='bbox 1315 3509 1507 3582; x_wconf 89' lang='lat' dir='ltr'>apicem</span> <span class='ocrx_word' id='word_1_311' title='bbox 1533 3508 1711 3577; x_wconf 84' lang='lat' dir='ltr'>ducta3</span> <span class='ocrx_word' id='word_1_312' title='bbox 1733 3508 1862 3562; x_wconf 88' lang='lat' dir='ltr'>aliae</span> <span class='ocrx_word' id='word_1_313' title='bbox 1885 3513 1954 3562; x_wconf 87' lang='lat'>12</span> <span class='ocrx_word' id='word_1_314' title='bbox 1981 3503 2112 3563; x_wconf 81' lang='lat' dir='ltr'>cent.</span> <span class='ocrx_word' id='word_1_315' title='bbox 2142 3508 2334 3582; x_wconf 83' lang='lat' dir='ltr'>longae,</span> <span class='ocrx_word' id='word_1_316' title='bbox 2357 3517 2430 3577; x_wconf 65' lang='grc' dir='ltr'>δί-</span> <span class='ocrx_word' id='word_1_317' title='bbox 2451 3513 2605 3584; x_wconf 86' lang='lat' dir='ltr'>latae,</span> 
     </span>
     <span class='ocr_line' id='line_1_34' title="bbox 467 3593 2602 3673; baseline 0.003 -25"><span class='ocrx_word' id='word_1_318' title='bbox 467 3593 577 3648; x_wconf 88' lang='lat' dir='ltr'>basi</span> <span class='ocrx_word' id='word_1_319' title='bbox 628 3595 728 3647; x_wconf 82' lang='lat' dir='ltr'>fere</span> <span class='ocrx_word' id='word_1_320' title='bbox 774 3596 968 3669; x_wconf 88' lang='lat' dir='ltr'>aequali</span> <span class='ocrx_word' id='word_1_321' title='bbox 1014 3604 1300 3649; x_wconf 87' lang='lat' dir='ltr'>contractae</span> <span class='ocrx_word' id='word_1_322' title='bbox 1315 3635 1330 3662; x_wconf 84' lang='lat'>‚</span> <span class='ocrx_word' id='word_1_323' title='bbox 1384 3595 1547 3649; x_wconf 88' lang='lat' dir='ltr'>nervis</span> <span class='ocrx_word' id='word_1_324' title='bbox 1587 3594 1759 3648; x_wconf 89' lang='lat' dir='ltr'>eadem</span> <span class='ocrx_word' id='word_1_325' title='bbox 1805 3594 1995 3648; x_wconf 88' lang='lat' dir='ltr'>ratione</span> <span class='ocrx_word' id='word_1_326' title='bbox 2035 3594 2336 3652; x_wconf 84' lang='lat' dir='ltr'>distributis.</span> <span class='ocrx_word' id='word_1_327' title='bbox 2417 3601 2602 3673; x_wconf 88' lang='lat' dir='ltr'>Pagina</span> 
     </span>
     <span class='ocr_line' id='line_1_35' title="bbox 469 3679 2605 3762; baseline 0.002 -25"><span class='ocrx_word' id='word_1_328' title='bbox 469 3700 581 3756; x_wconf 87' lang='lat' dir='ltr'>sup.</span> <span class='ocrx_word' id='word_1_329' title='bbox 612 3679 787 3755; x_wconf 89' lang='lat' dir='ltr'>glabra</span> <span class='ocrx_word' id='word_1_330' title='bbox 819 3682 984 3737; x_wconf 88' lang='lat' dir='ltr'>nervis</span> <span class='ocrx_word' id='word_1_331' title='bbox 1013 3682 1229 3750; x_wconf 83' lang='lat' dir='ltr'>lineata,</span> <span class='ocrx_word' id='word_1_332' title='bbox 1257 3683 1464 3737; x_wconf 88' lang='lat' dir='ltr'>demum</span> <span class='ocrx_word' id='word_1_333' title='bbox 1500 3681 1878 3749; x_wconf 87' lang='lat' dir='ltr'>subbullulosa,</span> <span class='ocrx_word' id='word_1_334' title='bbox 1901 3681 2106 3736; x_wconf 83' lang='lat' dir='ltr'>inferior</span> <span class='ocrx_word' id='word_1_335' title='bbox 2134 3685 2282 3738; x_wconf 89' lang='lat' dir='ltr'>costis</span> <span class='ocrx_word' id='word_1_336' title='bbox 2313 3686 2605 3762; x_wconf 80' lang='lat' dir='ltr'>venalisque</span> 
     </span>
     <span class='ocr_line' id='line_1_36' title="bbox 465 3768 2605 3843; baseline 0.003 -20"><span class='ocrx_word' id='word_1_337' title='bbox 465 3768 871 3843; x_wconf 88' lang='lat' dir='ltr'>prominentibus</span> <span class='ocrx_word' id='word_1_338' title='bbox 898 3769 1166 3824; x_wconf 81' lang='lat' dir='ltr'>reticulata</span> <span class='ocrx_word' id='word_1_339' title='bbox 1183 3810 1198 3839; x_wconf 84' lang='lat'>‚</span> <span class='ocrx_word' id='word_1_340' title='bbox 1234 3770 1289 3824; x_wconf 92' lang='lat' dir='ltr'>in</span> <span class='ocrx_word' id='word_1_341' title='bbox 1319 3770 1480 3824; x_wconf 85' lang='lat' dir='ltr'>nervis</span> <span class='ocrx_word' id='word_1_342' title='bbox 1506 3768 1757 3842; x_wconf 88' lang='lat' dir='ltr'>primariis</span> <span class='ocrx_word' id='word_1_343' title='bbox 1785 3769 2109 3823; x_wconf 87' lang='lat' dir='ltr'>subtilissime</span> <span class='ocrx_word' id='word_1_344' title='bbox 2134 3770 2399 3843; x_wconf 89' lang='lat' dir='ltr'>puberula.</span> <span class='ocrx_word' id='word_1_345' title='bbox 2460 3778 2605 3832; x_wconf 87' lang='lat' dir='ltr'>Com·</span> 
     </span>
     <span class='ocr_line' id='line_1_37' title="bbox 467 3845 2608 3933; baseline 0.003 -24"><span class='ocrx_word' id='word_1_346' title='bbox 467 3845 616 3930; x_wconf 85' lang='lat' dir='ltr'>pages</span> <span class='ocrx_word' id='word_1_347' title='bbox 665 3854 1315 3923; x_wconf 64' lang='lat' dir='ltr'>coriam-membranacea,</span> <span class='ocrx_word' id='word_1_348' title='bbox 1363 3854 1715 3910; x_wconf 86' lang='lat' dir='ltr'>obsoletissime</span> <span class='ocrx_word' id='word_1_349' title='bbox 1758 3854 2287 3929; x_wconf 86' lang='lat' dir='ltr'>pellucido-punctata.</span> <span class='ocrx_word' id='word_1_350' title='bbox 2358 3859 2608 3933; x_wconf 81' lang='lat' dir='ltr'>Stipula</span> 
     </span>
     <span class='ocr_line' id='line_1_38' title="bbox 467 3942 2606 4018; baseline 0.001 -18"><span class='ocrx_word' id='word_1_351' title='bbox 467 3943 899 4018; x_wconf 82' lang='lat' dir='ltr'>oppositifolia</span> <span class='ocrx_word' id='word_1_352' title='bbox 932 3944 1306 3999; x_wconf 88' lang='lat' dir='ltr'>membranacea</span> <span class='ocrx_word' id='word_1_353' title='bbox 1349 3943 1658 4011; x_wconf 84' lang='lat' dir='ltr'>lanceolata,</span> <span class='ocrx_word' id='word_1_354' title='bbox 1694 3943 1871 4016; x_wconf 84' lang='lat' dir='ltr'>petioli</span> <span class='ocrx_word' id='word_1_355' title='bbox 1917 3942 2265 4015; x_wconf 87' lang='lat' dir='ltr'>longitndine,</span> <span class='ocrx_word' id='word_1_356' title='bbox 2303 3948 2606 4017; x_wconf 85' lang='lat' dir='ltr'>convoluta,</span> 
     </span>
     <span class='ocr_line' id='line_1_39' title="bbox 470 4030 2605 4105; baseline 0.003 -20"><span class='ocrx_word' id='word_1_357' title='bbox 470 4031 663 4105; x_wconf 87' lang='lat' dir='ltr'>glabra.</span> <span class='ocrx_word' id='word_1_358' title='bbox 736 4037 996 4085; x_wconf 82' lang='lat' dir='ltr'>Amenta</span> <span class='ocrx_word' id='word_1_359' title='bbox 1025 4031 1193 4102; x_wconf 81' lang='lat' dir='ltr'>(sem.)</span> <span class='ocrx_word' id='word_1_360' title='bbox 1229 4031 1363 4085; x_wconf 81' lang='lat' dir='ltr'>foliis</span> <span class='ocrx_word' id='word_1_361' title='bbox 1389 4030 1729 4103; x_wconf 87' lang='lat' dir='ltr'>superioribus</span> <span class='ocrx_word' id='word_1_362' title='bbox 1755 4030 2005 4104; x_wconf 72' lang='lat' dir='ltr'>opposita,</span> <span class='ocrx_word' id='word_1_363' title='bbox 2034 4030 2401 4103; x_wconf 86' lang='lat' dir='ltr'>pedunculis</span> <span class='ocrx_word' id='word_1_364' title='bbox 2422 4034 2605 4090; x_wconf 83' lang='lat' dir='ltr'>filifor-</span> 
     </span>
     <span class='ocr_line' id='line_1_40' title="bbox 475 4116 2609 4191; baseline 0.004 -21"><span class='ocrx_word' id='word_1_365' title='bbox 475 4116 647 4179; x_wconf 86' lang='lat' dir='ltr'>mibus</span> <span class='ocrx_word' id='word_1_366' title='bbox 679 4116 774 4171; x_wconf 90' lang='lat' dir='ltr'>sub</span> <span class='ocrx_word' id='word_1_367' title='bbox 807 4127 1010 4172; x_wconf 81' lang='lat' dir='ltr'>amento</span> <span class='ocrx_word' id='word_1_368' title='bbox 1040 4117 1319 4171; x_wconf 85' lang='lat' dir='ltr'>incrassatis</span> <span class='ocrx_word' id='word_1_369' title='bbox 1349 4117 1556 4190; x_wconf 85' lang='lat' dir='ltr'>petiolos</span> <span class='ocrx_word' id='word_1_370' title='bbox 1587 4116 1893 4191; x_wconf 89' lang='lat' dir='ltr'>plerumque</span> <span class='ocrx_word' id='word_1_371' title='bbox 1918 4116 2037 4190; x_wconf 88' lang='lat' dir='ltr'>plus</span> <span class='ocrx_word' id='word_1_372' title='bbox 2065 4116 2222 4190; x_wconf 91' lang='lat' dir='ltr'>duplo</span> <span class='ocrx_word' id='word_1_373' title='bbox 2256 4122 2609 4191; x_wconf 87' lang='lat' dir='ltr'>superantibus</span> 
     </span>
     <span class='ocr_line' id='line_1_41' title="bbox 471 4203 2608 4280; baseline 0.002 -22"><span class='ocrx_word' id='word_1_374' title='bbox 471 4207 652 4270; x_wconf 65' lang='lat'>4—44</span> <span class='ocrx_word' id='word_1_375' title='bbox 686 4214 820 4261; x_wconf 87' lang='lat' dir='ltr'>cent.</span> <span class='ocrx_word' id='word_1_376' title='bbox 853 4203 1012 4278; x_wconf 84' lang='lat' dir='ltr'>longis</span> <span class='ocrx_word' id='word_1_377' title='bbox 1040 4204 1228 4278; x_wconf 86' lang='lat' dir='ltr'>glabris</span> <span class='ocrx_word' id='word_1_378' title='bbox 1259 4213 1485 4258; x_wconf 86' lang='lat' dir='ltr'>sustenta</span> <span class='ocrx_word' id='word_1_379' title='bbox 1503 4242 1521 4271; x_wconf 88' lang='lat'>‚</span> <span class='ocrx_word' id='word_1_380' title='bbox 1558 4204 1835 4280; x_wconf 77' lang='lat' dir='ltr'>cylindrica</span> <span class='ocrx_word' id='word_1_381' title='bbox 1853 4243 1871 4273; x_wconf 85' lang='lat'><strong>,</strong></span> <span class='ocrx_word' id='word_1_382' title='bbox 1906 4204 2115 4271; x_wconf 85' lang='lat' dir='ltr'>obtusa,</span> <span class='ocrx_word' id='word_1_383' title='bbox 2149 4203 2384 4260; x_wconf 87' lang='lat' dir='ltr'>florentia</span> <span class='ocrx_word' id='word_1_384' title='bbox 2427 4212 2608 4278; x_wconf 61' lang='lat'>2—2}</span> 
     </span>
     <span class='ocr_line' id='line_1_42' title="bbox 471 4290 2605 4364; baseline 0.003 -19"><span class='ocrx_word' id='word_1_385' title='bbox 471 4299 607 4346; x_wconf 89' lang='lat' dir='ltr'>cent.</span> <span class='ocrx_word' id='word_1_386' title='bbox 652 4290 802 4364; x_wconf 86' lang='lat' dir='ltr'>longa</span> <span class='ocrx_word' id='word_1_387' title='bbox 818 4329 835 4358; x_wconf 85' lang='lat'>‚</span> <span class='ocrx_word' id='word_1_388' title='bbox 885 4296 956 4357; x_wconf 66' lang='lat'>1}</span> <span class='ocrx_word' id='word_1_389' title='bbox 1005 4310 1134 4347; x_wconf 91' lang='lat' dir='ltr'>mm.</span> <span class='ocrx_word' id='word_1_390' title='bbox 1180 4309 1344 4345; x_wconf 87' lang='lat' dir='ltr'>crassa</span> <span class='ocrx_word' id='word_1_391' title='bbox 1360 4330 1377 4359; x_wconf 90' lang='grc'><strong>,</strong></span> <span class='ocrx_word' id='word_1_392' title='bbox 1429 4301 1635 4346; x_wconf 89' lang='lat' dir='ltr'>matura</span> <span class='ocrx_word' id='word_1_393' title='bbox 1681 4291 1873 4346; x_wconf 86' lang='lat' dir='ltr'>calamo</span> <span class='ocrx_word' id='word_1_394' title='bbox 1908 4292 2166 4364; x_wconf 81' lang='lat' dir='ltr'>scriptorio</span> <span class='ocrx_word' id='word_1_395' title='bbox 2195 4292 2433 4349; x_wconf 88' lang='lat' dir='ltr'>crassiora</span> <span class='ocrx_word' id='word_1_396' title='bbox 2461 4302 2605 4357; x_wconf 76' lang='lat'>4--6</span> 
     </span>
     <span class='ocr_line' id='line_1_43' title="bbox 469 4376 2610 4454; baseline 0.007 -23"><span class='ocrx_word' id='word_1_397' title='bbox 469 4387 605 4434; x_wconf 87' lang='lat' dir='ltr'>cent.</span> <span class='ocrx_word' id='word_1_398' title='bbox 662 4376 840 4454; x_wconf 80' lang='lat' dir='ltr'>longa,</span> <span class='ocrx_word' id='word_1_399' title='bbox 903 4377 1083 4435; x_wconf 88' lang='lat' dir='ltr'>coloris</span> <span class='ocrx_word' id='word_1_400' title='bbox 1127 4378 1327 4434; x_wconf 87' lang='lat' dir='ltr'>sordide</span> <span class='ocrx_word' id='word_1_401' title='bbox 1368 4376 1592 4434; x_wconf 84' lang='lat' dir='ltr'>olivaoei.</span> <span class='ocrx_word' id='word_1_402' title='bbox 1683 4379 1890 4436; x_wconf 85' lang='lat' dir='ltr'>Flores</span> <span class='ocrx_word' id='word_1_403' title='bbox 1934 4379 2229 4437; x_wconf 84' lang='lat' dir='ltr'>densissimi.</span> <span class='ocrx_word' id='word_1_404' title='bbox 2319 4385 2610 4445; x_wconf 85' lang='lat' dir='ltr'>Bracteae</span> 
     </span>
    </p>
   </div>
  </div>
 </body>
</html>
