3153 5134
1400 342 1527 404 329

398 541 572 596 tiolis
616 541 861 595 teretibus
906 539 1254 594 canaliculatis
1281 543 1417 602 ,ξς-1
1453 548 1583 592 cent.
1618 538 1794 611 longis.
1878 539 2130 612 stipula
2168 539 2442 594 lanceolata
2484 545 2514 593 1

400 641 528 685 cent.
568 629 732 704 longa.
808 634 1061 683 Amenta
1096 627 1316 682 maxime
1340 625 1598 700 juvenilia
1629 626 1975 700 pedunculata
2007 626 2174 681 brevia
2203 646 2424 683 recurva.

427 771 432 778 ,
466 723 608 772 Teste
650 733 878 772 nummo
924 717 1085 790 longis
1126 717 1347 790 prorepit
1387 734 1475 788 per
1514 714 1695 769 herbas
1736 714 1967 788 flagellis.
2041 714 2316 769 Petiolus
2357 714 2520 770 fusco·

394 805 593 872 viridis,
640 806 724 859 uti
759 815 810 859 et
845 806 988 860 nervi
1017 804 1201 859 subtus
1229 804 1578 877 prominentes.
1654 803 1777 857 Lobi
1804 802 2025 858 laminae
2046 802 2217 864 baseos
2247 821 2521 876 parumper

390 894 678 960 elevantur,
719 893 854 947 unde
880 894 1009 948 basis
1039 890 1537 947 infundibuliformis
1587 890 1770 945 evadit.
1850 890 2139 964 Aliquando
2168 892 2223 944 in
2253 890 2399 945 costis
2429 910 2516 945 su-

391 982 576 1054 premis
611 981 745 1035 infra
783 981 876 1054 pili
917 981 1100 1053 exigui.
1177 980 1306 1034 Peti
1321 979 1407 1033 oli
1445 979 1686 1032 foliorum
1724 998 1752 1033 e
1786 978 1908 1032 loeis
1937 978 2076 1033 siccis
2107 979 2519 1034 sublutesoentae.

390 1069 560 1124 Folia
597 1087 624 1122 e
660 1069 811 1142 sylvis
852 1078 903 1122 et
941 1068 1161 1123 vallibus
1197 1068 1390 1140 majora
1425 1076 1477 1120 et
1515 1066 1752 1120 molliora
1787 1077 1839 1120 et
1873 1066 2035 1138 magis
2071 1065 2223 1121 fusca.
2263 1099 2331 1107 —-
2366 1070 2521 1121 Usus

392 1158 726 1212 medicatus
753 1177 812 1212 ex
843 1172 1072 1212 numrmo
1103 1156 1416 1228 divulgatus.
1480 1153 1651 1208 Folia
1680 1153 1896 1208 contrita
1926 1153 2186 1207 abdomini
2212 1154 2520 1208 illiniuntur

390 1247 445 1300 in
477 1245 721 1314 febribus,
762 1245 915 1299 colica
944 1246 1148 1311 biliosa,
1184 1262 1364 1297 succus
1391 1242 1627 1316 dysuriae
1657 1253 1708 1296 et
1740 1242 2066 1314 gonorrhoeae
2096 1243 2342 1297 medetur.

463 1333 792 1388 Adnotatio
821 1338 861 1389 Ι.
934 1337 1005 1386 De
1040 1332 1195 1405 hujus
1225 1329 1402 1403 speciei
1432 1329 1484 1382 in
1520 1328 1613 1383 hoc
1642 1348 1817 1402 genere
1843 1329 1952 1383 loco
1977 1329 2100 1402 jure
2135 1330 2293 1384 dubia
2329 1331 2523 1385 moveri

390 1433 602 1493 possunt
616 1462 633 1490 ,
682 1441 803 1475 eum
847 1420 1154 1493 genitalium
1198 1427 1460 1472 structura
1503 1418 1710 1471 omnino
1753 1418 2008 1492 incognita
2054 1417 2136 1471 sit.
2208 1420 2307 1471 Nee
2349 1415 2518 1470 adhuc

387 1510 660 1582 probatum
690 1521 791 1575 est,
830 1529 958 1562 num
990 1508 1061 1580 pl.
1093 1506 1337 1561 Vahliana
1366 1505 1540 1560 eadem
1570 1507 1638 1560 sit
1666 1525 1724 1560 ac
1753 1505 2080 1579 Rumphiana
2110 1515 2161 1558 et
2187 1496 2479 1558 Blunieana.

462 1598 545 1651 Ad
557 1598 791 1651 notatio
823 1599 886 1649 ll.
964 1600 1229 1648 Ruffl’nms
1274 1593 1326 1646 in
1361 1593 1534 1648 eodem
1568 1594 1732 1667 eapite
1764 1594 1976 1647 alteram
2009 1592 2220 1667 speciem
2250 1592 2514 1646 describit:

388 1684 622 1737 Sirium
659 1680 958 1755 frigidum
993 1687 1113 1736 var.
1146 1680 1476 1754 longifolia
1508 1700 1595 1735 seu
1626 1680 1789 1746 alba,
1825 1683 2008 1736 ramis
2036 1680 2512 1753 tereti-compressi&

385 1771 565 1823 cortice
609 1768 751 1838 fisse,
805 1768 869 1821 ad
915 1767 1066 1822 nodos
1110 1767 1454 1822 radicantibus
1499 1770 1883 1841 scandentibus,
1938 1769 2202 1823 ramulis
2246 1769 2520 1835 teretibus,

386 1855 601 1931 glabris,
644 1856 835 1923 firmiS,
882 1855 1128 1909 viridibus
1167 1875 1257 1909 nec
1289 1855 1471 1924 fuscis,
1516 1855 1687 1912 foliis
1723 1862 1867 1913 5—-6
1904 1858 2025 1932 poll.
2070 1858 2229 1930 longis
2270 1857 2512 1930 latisque,

385 1945 490 1998 basi
541 1944 858 2014 rotundatis,
909 1942 1386 2016 quintuplinerviis,
1434 1944 1601 1999 nervis
1651 1944 1929 2014 viridibus,
1982 1946 2244 2001 amentis
2291 1944 2515 2018 digitum

383 2032 665 2086 minimum
695 2032 883 2105 longis,
923 2030 1186 2085 viridibus.
1220 2061 1290 2070 ——-
1324 2031 1507 2086 Crescit
1535 2050 1659 2085 cum
1688 2032 1867 2105 priore.

469 2224 563 2286 16.
644 2230 878 2299 Piper
918 2225 1506 2298 cumingianum.
1590 2223 1913 2301 Glabrum,
1971 2225 2144 2286 caule
2194 2225 2514 2302 fruticoso,

384 2327 543 2388 foliis
609 2327 1111 2403 membranaceis,
1182 2326 1817 2406 pellucido-punctatis
1831 2373 1849 2403 ,
1909 2329 2197 2407 utrinque
2250 2330 2507 2407 glabris,

386 2439 592 2492 ovato—
629 2432 723 2490 vel
766 2429 1405 2508 lanceolam-efliptieis
1422 2475 1439 2505 ,
1479 2429 1869 2489 inferioribus
1899 2431 2206 2510 quinque-
2241 2432 2508 2512 superio-

386 2537 550 2596 ribus
602 2535 935 2612 trinerviis‚
993 2534 1194 2594 nervis
1246 2533 1283 2593 3
1334 2533 1549 2593 mediis
1594 2533 1669 2593 ad
1712 2533 1949 2612 apicem
1981 2535 2475 2612 percurrentibus
2486 2583 2504 2613 ,

384 2638 878 2717 subaequilateris
896 2684 914 2713 ,
975 2638 1098 2696 basi
1144 2636 1495 2714 subaequali
1546 2635 1864 2695 rotundata
1893 2637 1992 2695 vel
2028 2645 2231 2711 acuta,
2270 2640 2510 2697 acumi-

387 2744 567 2818 natis,
625 2742 903 2801 acumine
956 2747 1339 2813 mucronatO,
1400 2740 1652 2798 amentis
1680 2758 1854 2799 masc.
1888 2740 2309 2817 pedunculatis
2340 2741 2503 2801 elon-

383 2846 923 2925 gato-filiformibus
956 2843 1238 2922 pendulis
1257 2888 1274 2918 ,
1307 2843 1551 2902 alveolis
1590 2842 1972 2902 staminiferis
2001 2844 2506 2922 floccoso-pilosis.

461 2949 753 3009 Habitat
798 2949 863 3007 in
916 2948 1023 3006 ins.
1086 2945 1475 3025 Philippinis‚
1519 2947 1725 3024 Lucon
1756 2946 2062 3027 (Cumingl
2106 2948 2173 3006 in
2208 2947 2380 3008 Herb.
2413 2948 2501 3008 De

377 3051 527 3113 Less.
561 3073 620 3112 n.
654 3052 810 3113 1190
848 3059 910 3109 et
945 3051 1120 3111 Herb.
1161 3070 1286 3128 reg.
1319 3048 1530 3129 berol.)

448 3195 637 3246 Frutex
665 3190 945 3245 dichotome
979 3210 1229 3257 ramosus,
1265 3190 1505 3257 nodosus,
1540 3188 1727 3244 ramis
1754 3189 1995 3244 teretibus
2022 3191 2216 3263 griseis,
2252 3192 2504 3248 striulatis

374 3279 763 3352 ramulisque
798 3277 1149 3351 subaugulosis
1190 3278 1405 3353 glabris;
1462 3277 1746 3332 internodia
1791 3283 1972 3333 2—10
2000 3290 2128 3333 cent.
2163 3280 2329 3354 longa.
2403 3285 2504 3335 Fo-

373 3366 462 3420 lia
499 3363 911 3438 erecto-patentia
926 3408 941 3431 ,
988 3365 1214 3419 molliter
1252 3364 1631 3420 membranacea
1646 3405 1661 3433 ,
1710 3365 2290 3440 pellucido-punctulata
2305 3412 2320 3438 ,
2342 3378 2345 3381 '
2368 3388 2503 3424 mar-

374 3453 582 3526 ginibus
625 3453 710 3507 vix
748 3452 1006 3520 revoluta,
1055 3453 1316 3526 petiolis
1352 3453 1724 3508 semiteretibus
1756 3454 1921 3509 antice
1955 3455 2306 3510 canaliculatis
2335 3452 2505 3513 versus

376 3542 517 3596 basin
554 3540 1380 3614 submembmnaceoemarginatisz,
1414 3539 1732 3596 inferioribus
1753 3547 1842 3609 135,
1855 3542 2196 3616 superioribus
2212 3548 2354 3612 1—1}
2371 3556 2503 3600 cent.

375 3629 538 3702 longis
568 3638 819 3695 sustenta,
854 3627 1153 3683 inferiora
1184 3627 1284 3682 fere
1314 3639 1486 3696 ovata,
1524 3630 1858 3703 aequilatera,
1897 3631 2005 3686 basi
2030 3632 2328 3700 rotundam,
2364 3635 2504 3707 apice

378 3716 670 3772 acuminata
707 3726 759 3770 et
801 3727 1126 3783 mucronata,
1170 3721 1204 3771 6
1244 3726 1373 3770 cent.
1415 3717 1594 3791 longa,
1642 3723 1715 3785 3}
1746 3718 1879 3786 lata,
1913 3720 2314 3793 quinquenervia
2342 3724 2507 3777 nervis

375 3812 410 3861 3
443 3803 623 3859 mediis
651 3803 981 3857 validioribus
1013 3804 1075 3857 ad
1105 3803 1297 3877 apicem
1313 3846 1329 3871 ,
1367 3804 1662 3859 lateralibus
1696 3805 2013 3860 tenuioribus
2034 3807 2191 3879 juxta
2220 3808 2501 3882 marginem

377 3894 442 3948 ad
483 3902 502 3927 ¹
542 3892 633 3945 alt.
670 3892 1083 3965 percurrentibus
1098 3930 1115 3959 ,
1170 3890 1325 3946 fuscis
1342 3931 1358 3959 ,
1396 3892 1581 3946 subtus
1611 3892 2019 3966 prominentibus
2035 3930 2054 3960 ,
2087 3913 2240 3967 supra
2270 3895 2505 3966 lineatis3

378 3990 707 4035 anastomoses
733 3979 1069 4033 tenuissimae.
1146 3979 1321 4033 Folia
1353 3980 1674 4053 superiora
1702 3979 1929 4052 elliptica
1954 3980 2030 4034 vel
2061 3980 2504 4060 lanceolam-ellip-

379 4070 484 4125 tica
499 4108 516 4136 ‚
568 4067 973 4141 subaequilatera
989 4107 1006 4135 ,
1057 4067 1164 4121 basi
1215 4069 1490 4123 rotundata
1522 4069 1605 4122 vel
1635 4078 1813 4135 acuta,
1852 4067 2037 4123 sensim
2068 4069 2285 4124 breviter
2311 4075 2504 4128 acumi-

378 4167 530 4225 nata,
588 4156 824 4209 acumine
871 4166 1196 4225 mucronatO,
1250 4161 1391 4210 6—'7
1434 4167 1566 4211 cent.
1618 4156 1801 4230 longa,
1841 4162 2058 4223 24—3}
2089 4157 2221 4227 lata,
2256 4159 2500 4218 triuervia

380 4255 473 4298 aut
521 4245 1046 4319 subquinquenervia,
1101 4245 1265 4299 nervis
1317 4244 1483 4299 tribus
1526 4264 1718 4319 semper
1749 4246 1813 4299 ad
1846 4247 2037 4318 apicem
2069 4248 2506 4323 percurrentibus;

382 4333 667 4405 superficies
711 4334 885 4391 viridis
931 4353 1117 4407 parum
1162 4333 1384 4390 nitidula
1400 4370 1419 4406 ,
1470 4333 1680 4390 inferior
1727 4335 1887 4408 magis
1915 4334 2193 4393 fusccscens
2223 4336 2501 4401 subnitens.
