3153 5134
1642 376 1722 435 14

607 585 757 652 dam
807 581 1136 674 speciebus
1197 579 1595 650 alternifoliis
1656 578 1925 668 petiolus
1986 600 2136 647 cum
2203 576 2574 651 internodio
2626 608 2746 678 pro

606 716 792 794 parte
825 700 1093 771 coalitus
1127 699 1415 782 videtur,
1463 699 1562 768 uti
1611 723 1667 768 v.
1700 723 1762 769 c.
1796 699 1865 765 in
1910 699 2359 789 Peperomia
2410 703 2739 800 brachy-

604 822 915 914 phylla,
959 820 1405 890 caulibarbi
1440 821 1738 911 aliisque,
1786 821 1855 889 in
1887 820 2122 909 quibus
2155 843 2191 887 e
2222 821 2466 911 petiolo
2499 827 2742 918 margi-

604 943 800 1011 nibus
831 940 1046 1009 antice
1072 939 1288 1009 ciliato
1312 940 1622 1030 utrinque
1645 939 1812 1006 linea
1844 938 2055 1008 ciliata
2081 940 2268 1028 juxta
2299 941 2741 1014 internodium

607 1059 971 1140 descendit,
1047 1059 1337 1149 inprimis
1385 1059 1455 1126 in
1504 1058 1580 1126 iis
1629 1058 1797 1128 foliis
1816 1110 1834 1141 ,
1894 1058 2133 1149 quibus
2173 1082 2432 1150 gemma
2478 1065 2745 1134 axillaris

609 1181 965 1261 delitescit,
1009 1203 1163 1249 cum
1196 1200 1235 1249 e
1264 1193 1492 1249 contra
1534 1180 1606 1248 in
1637 1179 1758 1247 illis
1784 1180 2022 1271 quibus
2049 1202 2305 1272 gemma
2337 1183 2494 1252 haec
2534 1185 2605 1252 in
2641 1210 2740 1253 ra-

608 1301 863 1370 mulum
911 1299 1243 1376 excrescit.
1306 1299 1485 1367 haud
1533 1301 1929 1368 observetur.
2020 1299 2316 1368 Laminae
2361 1302 2542 1371 haud
2594 1326 2739 1373 raro

612 1404 1159 1512 inaequilaterales
1199 1432 1353 1488 sunt
1373 1470 1390 1500 ,
1439 1419 1650 1488 forma
1691 1418 1760 1485 in
1804 1418 2194 1509 quibusdam
2225 1422 2613 1491 sectionibus
2644 1424 2741 1514 (in

610 1566 707 1634 sp.
755 1538 995 1632 pusillis
1065 1538 1616 1627 verticulatiffiliis)
1683 1539 2002 1607 constanti
2066 1540 2347 1609 donatae
2362 1592 2379 1624 ,
2448 1543 2606 1610 dum
2673 1544 2742 1610 in

606 1662 744 1730 aliis
786 1684 848 1731 v.
900 1683 960 1729 c.
1014 1659 1310 1750 plurimis
1365 1658 1769 1727 alternifoliis
1828 1659 1990 1727 mire
2032 1660 2276 1729 ludunt
2323 1675 2392 1729 et
2440 1663 2741 1732 botanico

610 1780 1019 1875 systematico
1074 1764 1339 1849 incauto
1389 1779 1614 1847 fucum
1662 1778 1934 1847 faciunt.
2033 1783 2381 1874 Compages
2458 1784 2528 1850 in
2598 1784 2745 1874 qui-

613 1902 888 1971 busdam
941 1899 1044 1968 uti
1088 1921 1148 1968 v.
1197 1922 1255 1967 c.
1325 1899 1786 1989 Peperomia
1853 1900 2307 1989 pellucida,
2371 1903 2744 1974 Verhuel-

615 2022 772 2089 liae
798 2017 1162 2111 speciebus,
1210 2017 1697 2110 Phyllobryo
1729 2019 1843 2088 rel.
1874 2018 2232 2089 admodum
2265 2021 2558 2112 simplex,
2605 2045 2739 2090 ma-

606 2142 821 2231 jorem
868 2151 1122 2230 partem
1171 2138 1469 2207 cellulosa
1483 2190 1500 2220 ,
1546 2138 1843 2208 solitariis
1893 2153 2153 2208 tantum
2189 2140 2346 2207 vasis
2389 2141 2741 2232 (spiralibus

617 2261 716 2329 vel
752 2256 993 2328 tubulis
1025 2269 1271 2326 remote
1304 2257 1650 2348 annulatis)
1685 2271 1996 2348 pertexta.
2044 2349 2048 2353 .
2076 2259 2266 2326 Haud
2299 2281 2441 2328 raro
2474 2261 2543 2326 in
2575 2262 2741 2350 ejus·

620 2379 799 2450 modi
827 2377 1157 2469 speciebus
1198 2399 1464 2447 nervum
1516 2378 1795 2445 laminae
1828 2376 2146 2468 margines
2186 2379 2584 2448 ambientem
2619 2382 2743 2449 ob-

620 2521 866 2571 servare
907 2498 1085 2571 licet.
1172 2496 1410 2589 Pagina
1452 2497 1720 2567 inferior
1767 2498 1837 2564 in
1887 2497 2186 2567 omnibus
2235 2499 2555 2591 superiore
2606 2501 2743 2592 pal-

618 2621 842 2701 lidior,
889 2618 1130 2709 pallide
1173 2617 1388 2686 viridis
1406 2669 1425 2700 ,
1481 2618 1552 2685 in
1602 2617 1922 2708 aliquibus
1969 2618 2328 2689 rubescens.
2419 2624 2632 2713 Margo
2674 2621 2744 2688 in

619 2738 1266 2812 carnoso-crassifoliis
1292 2761 1478 2830 saepe
1497 2753 1899 2822 extenuatus,
1925 2727 2631 2834 cartilagineo-rigidus.
2653 2778 2745 2796 --

620 2859 1062 2929 Glandulae
1112 2858 1513 2949 oleiparae
1557 2860 1659 2926 vix
1707 2883 1999 2950 unquam
2049 2862 2321 2940 desunt,
2367 2885 2616 2951 sparsae
2648 2860 2745 2927 vel

622 2978 1151 3060 confertissimae,
1187 2978 1509 3059 minutae,
1545 2979 1644 3046 vel
1676 2971 1927 3070 amplae
1977 2980 2059 3069 (v.
2093 3001 2153 3049 c.
2185 2979 2256 3046 in
2293 2978 2739 3069 Peperomia

624 3099 1066 3169 Schiedean
1077 3097 1139 3186 a)
1171 3097 1557 3188 pellucidae,
1576 3098 1729 3167 folia
1749 3111 2164 3188 punctantes,
2195 3120 2232 3165 e
2259 3111 2438 3166 textu
2461 3096 2743 3165 cellulari

621 3218 990 3288 densissimo
1034 3217 1502 3298 conformatae,
1548 3230 1618 3283 et
1651 3215 1866 3283 oleum
1899 3214 2296 3284 odorisserum
2333 3214 2746 3284 verisimiliter

619 3351 1040 3410 secernentes.
1131 3334 1302 3418 Pili,
1365 3335 1416 3403 si
1467 3335 1737 3417 adsunt,
1795 3357 2045 3425 semper
2088 3333 2439 3416 articulati,
2487 3335 2710 3403 molles
2729 3386 2746 3416 ,

617 3461 725 3531 alii
770 3457 977 3541 vacui,
1023 3457 1129 3529 alii
1180 3469 1250 3526 at
1301 3455 1503 3525 rarius
1546 3453 1814 3524 materia
1871 3456 1982 3546 (an
2031 3452 2327 3543 resinosa)
2382 3453 2630 3536 referti,
2675 3455 2746 3522 in

618 3595 896 3670 utraque
972 3578 1070 3646 vel
1131 3600 1261 3646 una
1328 3578 1552 3645 saltem
1603 3575 1836 3667 pagina
1857 3625 1875 3656 ,
1935 3572 2225 3664 inprimis
2279 3598 2470 3665 supra
2527 3597 2748 3645 nervos

620 3698 942 3791 dispositi,
989 3697 1250 3778 sensim,
1296 3697 1646 3787 aliquando
1694 3717 1916 3764 omnes
1958 3693 2249 3775 decidui,
2296 3694 2367 3763 in
2398 3695 2577 3787 apice
2608 3694 2747 3763 folii

617 3822 689 3887 in
721 3818 1086 3887 universum
1117 3817 1360 3885 diutius
1391 3830 1754 3897 manentes,
1801 3816 2042 3906 delapsi
2086 3815 2157 3882 in
2203 3815 2604 3906 epidermide
2648 3814 2747 3881 ci-

620 3939 924 4008 catricem
970 3936 1234 4028 quidem
1289 3936 1697 4026 relinquunt,
1744 3936 1857 4004 sed
1888 3936 2178 4026 planam,
2225 3936 2405 4003 haud
2439 3935 2746 4001 elevatam

623 4082 745 4127 nec
795 4057 1097 4146 deinceps
1144 4057 1550 4124 mutandam.
1643 4056 2007 4147 Aliquando
2057 4056 2170 4147 pili
2220 4053 2567 4125 tenuissimi
2616 4053 2751 4145 epi-

623 4176 931 4251 dermidis
962 4175 1222 4246 foveolis
1255 4175 1653 4245 subimmersi
1688 4177 2119 4270 microscopici
2152 4176 2592 4245 observantur.

714 4302 794 4366 In
842 4295 1009 4369 foliis
1064 4296 1572 4386 Piperearum
1623 4296 1832 4387 maj0r
1887 4293 2199 4390 perfectio
2248 4294 2542 4378 obtinet,
2600 4316 2754 4366 nam
