3153 5134
925 734 1601 823 CORRIGENDA
1652 738 1775 822 ET
1826 740 2340 828 ADDENDA.

1553 969 1784 998 *—

556 1139 659 1208 Pag.
700 1143 781 1190 48.
819 1153 867 1190 n.
907 1143 958 1191 1.
991 1138 1107 1190 adde
1140 1157 1253 1208 syn:
1294 1140 1638 1207 Peperomia
1671 1143 2021 1193 reniformis
2056 1136 2330 1193 A.'Dietr.

602 1240 627 1275 υ
698 1227 783 1276 66.
820 1224 1149 1274 sellovianum=
1187 1223 1291 1291 lege
1326 1224 1761 1275 Sellovianum.

597 1326 623 1357 1>

600 1411 626 1441 D

594 1495 621 1526 »

694 1309 780 1357 59.
816 1325 865 1357 ιι.
904 1309 969 1355 10
1002 1306 1117 1356 adde
1152 1323 1264 1374 syn:
1306 1307 1483 1374 Piper
1516 1308 1675 1359 vahl.

699 1394 782 1442 09.
818 1409 866 1441 ιι.
906 1395 952 1442 1.
987 1391 1104 1441 adde
1137 1408 1248 1460 syn:
1286 1393 1462 1459 Piper
1496 1393 1658 1444 vahl.
1696 1393 1909 1445 Tildenia
1944 1394 2099 1446 Vablii
2132 1398 2238 1465 Miq.
2275 1397 2404 1445 olim.

695 1480 777 1528 70.
813 1493 861 1526 ιι.
901 1479 947 1526 1.
982 1475 1098 1526 adde
1130 1475 1284 1525 locum
1319 1476 1544 1527 natalem=
1580 1477 1696 1527 locis
1727 1480 1981 1545 scopulosis
2012 1481 2188 1531 Sierrae
2222 1481 2279 1531 de
2315 1481 2505 1531 Yavesia
2535 1480 2704 1531 Mexici

691 1560 912 1628 (Galeotti
944 1571 993 1609 et
1026 1562 1226 1611 Martens
1257 1562 1382 1611 Bull.
1418 1561 1476 1610 de
1510 1561 1629 1613 mc.
1666 1562 1712 1612 d.
1749 1564 1889 1614 Brux.
1930 1564 2102 1632 1843).

695 1649 778 1696 71.
825 1663 873 1695 ιι.
919 1648 971 1695 2.
1013 1644 1130 1694 adde
1166 1661 1275 1712 syn:
1327 1646 1504 1712 Piper
1538 1645 2169 1714 hydrocotylefolium
2207 1649 2457 1697 Mat-tens
2489 1657 2549 1696 et
2593 1647 2700 1696 Gra-

690 1729 872 1778 leotti
918 1728 952 1777 1.
1000 1744 1042 1777 c.
1088 1744 1137 1794 p.
1187 1729 1286 1778 129
1320 1738 1435 1777 teste
1468 1728 1776 1796 descriptione
1810 1741 1860 1779 et
1891 1748 2085 1780 numero
2120 1733 2261 1783 citato
2284 1725 2580 1781 ‘collectionis
2611 1733 2706 1782 Ga-

691 1813 939 1879 leottiauae
964 1809 1022 1878 1).
2211 1835 2215 1839 ·

697 1896 780 1945 76.
827 1913 873 1945 ιι.
924 1898 1006 1965 11.
1048 1894 1166 1945 adde
1205 1912 1315 1963 syn:
1363 1897 1540 1962 Piper
1580 1896 1901 1963 parvulum
1935 1900 2097 1948 Mart.
2133 1910 2194 1948 et
2232 1899 2543 1950 Galeotti!
2590 1901 2622 1950 1.
2662 1918 2702 1949 c.

689 1995 737 2045 p.
776 1981 893 2030 130.
2292 2001 2297 2005 ’

697 2066 783 2113 84.
819 2081 867 2115 ιι.
900 2065 988 2113 23.
1021 2063 1139 2115 adde
1173 2079 1285 2132 synt
1323 2065 1501 2132 Piper
1533 2068 1591 2116 Ι).
1627 2068 1817 2118 Dietr.

592 2165 620 2198 x·
691 2151 780 2199 89.
825 2167 873 2199 ιι.
918 2152 1005 2199 33.
1048 2148 1163 2198 adde
1208 2164 1318 2215 syn:
1365 2148 1545 2216 Piper
1579 2162 1734 2203 auct.
1772 2179 1844 2191 —-
1882 2153 1931 2202 P.
1969 2152 2417 2204 Galeottianum
2450 2154 2608 2202 Mart.
2646 2164 2706 2202 et

571 2333 621 2795 νείκει-

597 3273 622 3303 »

595 3358 620 3388 »

597 3443 623 3474 »

593 3583 619 3614 »

688 2234 890 2283 Galeotti
923 2224 1036 2282 l.'c.
1072 2248 1121 2298 p.
1162 2235 1281 2280 128.

694 2319 779 2366 96.
814 2334 863 2367 ιι.
899 2318 982 2375 40.
1019 2316 1069 2364 P.
1106 2313 1350 2382 obliquum
1386 2316 1507 2367 Pers.
1543 2336 1591 2368 ιι.
1628 2320 1712 2370 98.

697 2405 813 2452 101.
849 2401 907 2452 ad
944 2419 991 2451 ιι.
1028 2402 1112 2450 64.
1151 2400 1265 2449 adde
1303 2417 1413 2469 synt
1451 2402 1630 2471 Piper
1665 2406 1724 2455 R.
1761 2407 1808 2455 S.

699 2491 815 2540 116.
851 2505 898 2539 n.
940 2489 1022 2538 79.
1058 2486 1197 2537 adde:
1235 2497 1283 2535 et
1320 2486 1503 2538 Book?
1606 2476 1607 2481 ¹

695 2577 811 2625 124.
847 2591 894 2623 n.
933 2576 1063 2636 101,
1099 2589 1157 2621 ex
1190 2572 1428 2621 Steudelio
1460 2573 1576 2622 adde
1612 2590 1723 2642 syn:
1762 2574 1941 2641 Piper
1976 2574 2351 2624 cassinoides
2384 2574 2519 2623 Linn.
2556 2574 2702 2623 Dietr.

694 2663 799 2709 246
833 2669 882 2707 et
914 2660 1041 2708 247:
1079 2657 1182 2724 lege
1225 2658 1322 2706 146
1355 2667 1404 2705 et
1440 2660 1556 2707 147.

695 2745 793 2794 169
829 2742 887 2792 ad
921 2760 968 2792 ιι.
1006 2743 1107 2791 143
1144 2757 1252 2807 syn:
1293 2742 1475 2807 Piper
1508 2743 1712 2791 affine
1750 2744 1908 2792 Mart.
1946 2753 2005 2792 et
2038 2742 2304 2793 Galeotti
2340 2742 2374 2792 l.
2415 2759 2456 2792 c.
2504 2759 2554 2808 p.
2602 2741 2700 2789 129

684 2829 818 2879 nulla
860 2838 969 2876 nota
1013 2844 1039 2875 a
1088 2827 1137 2875 P.
1182 2824 1465 2891 quadrifolia
1500 2825 1733 2875 diversum
1750 2863 1765 2890 ,
1801 2845 1908 2877 nam
1946 2828 2126 2877 »caulis
2158 2828 2397 2897 sulcatus”
2433 2839 2501 2877 est
2534 2826 2592 2876 ob
2625 2842 2706 2875 ex-

686 2913 980 2962 siccationem
1014 2919 1061 2958 et
1098 2926 1124 2957 »
1148 2908 1262 2957 folia
1298 2910 1483 2977 longius
1517 2909 1776 2975 petiolata”
1803 2922 1992 2978 propter
2025 2914 2357 2978 vegetationem
2391 2912 2704 2961 luxuriantem

683 3007 740 3046 ut
776 2999 825 3045 in
859 2995 1077 3063 plurimis
1109 2993 1217 3043 aliis
1249 2992 1456 3057 ejusdem
1490 2996 1667 3060 speciei
1699 2995 2034 3061 speciminibus
2065 2996 2179 3045 vidi.

695 3085 811 3133 168.
866 3099 914 3129 ιι.
968 3079 1083 3127 164.
1137 3077 1252 3127 adde
1317 3091 1432 3145 syn:
1490 3079 1670 3144 Piper
1728 3078 2047 3128 rubioides
2106 3080 2265 3128 Mart.
2321 3090 2375 3128 et
2429 3080 2705 3129 Galeotti

687 3164 865 3234 (haud
896 3164 954 3213 H.
991 3163 1043 3211 Β.
1079 3161 1162 3227 Κ.)
1199 3160 1233 3209 l.
1271 3177 1312 3210 c.
1348 3177 1396 3227 p.
1429 3163 1545 3211 129.
1595 3163 1706 3211 Toto
1741 3163 1868 3213 coelo
1901 3179 1929 3211 a
1960 3163 2121 3229 planta
2148 3161 2507 3213 Humboldtiana
2531 3162 2703 3213 differt.

701 3254 815 3301 171.
851 3265 965 3297 num
999 3245 1057 3296 ad
1091 3248 1284 3294 formam
1320 3246 1372 3295 B.
1408 3262 1520 3313 syn:
1559 3246 1918 3312 Peperomia
1944 3245 2240 3295 saxatilis
2270 3247 2482 3297 Dicta?

698 3340 813 3386 171.
850 3351 896 3384 ιι.
939 3333 1052 3382 155.
1089 3331 1205 3381 adde
1240 3347 1354 3398 syn:
1392 3332 1569 3398 Piper
1604 3331 1758 3381 Desf.
1796 3348 1865 3381 ex
1901 3329 2100 3380 Steud.

699 3424 813 3472 174.
854 3419 913 3470 ad
955 3435 1003 3468 n.
1044 3419 1159 3466 158.
1194 3415 1309 3466 adde
1341 3432 1457 3484 syn:
1504 3418 1851 3482 Peperomia
1887 3415 2379 3484 brachystachya
2419 3421 2471 3467 A.
2520 3418 2705 3466 Dietr.

695 3563 809 3611 186.
847 3574 988 3625 prope
1022 3573 1068 3604 n.
1109 3555 1225 3604 175.
1262 3552 1525 3603 inserendae
1559 3552 1778 3604 videntur
1813 3554 1925 3620 (nisi
1957 3535 2426 3622 marium-repugnet
2455 3565 2504 3604 et
2533 3556 2704 3605 Micro-

687 3644 862 3713 piperis
893 3640 1142 3690 sectionem
1177 3637 1397 3705 postulet)
1431 3639 1609 3704 species
1640 3637 1758 3687 duae
1784 3648 2052 3705 sequentes:

622 3790 785 3842 175⁸.
856 3784 1317 3847 Paper-omia
1366 3780 1815 3845 polyboti-yn
1860 3784 1927 3835 Η.
1966 3783 2029 3834 Β.
2067 3783 2130 3833 Κ.
2168 3782 2293 3834 Non.
2331 3779 2519 3832 Gener.
2561 3781 2702 3835 Tom.

545 3882 587 3934 1.
614 3897 675 3949 p.
714 3881 801 3930 60.
864 3873 1052 3929 Kumh
1088 3875 1320 3945 Synops.
1365 3873 1501 3924 Tom.
1538 3873 1586 3924 I.
1615 3889 1677 3941 p.
1717 3874 1842 3925 114.
1904 3870 2076 3938 Piper
2108 3869 2170 3921 R.
2204 3878 2261 3920 et
2290 3867 2412 3921 Sela.
2446 3898 2517 3909 —
2547 3865 2701 3921 Foliis

547 3963 756 4019 alternis
797 3957 1297 4017 subrotundo·ovatis
1341 3954 1680 4025 acuminatis,
1725 3956 2066 4022 subcordati8‚
2100 3954 2209 4009 basi
2238 3954 2442 4029 peltatis
2459 3993 2476 4021 ‚
2510 3953 2695 4009 multi-

545 4052 756 4120 nervii8‚
792 4049 1013 4125 glabris,
1047 4043 1611 4120 pellucido-punctam,
1645 4044 1862 4099 amentis
1891 4041 2257 4098 terminalibus
2283 4041 2603 4116 paniculatis.

618 4166 777 4213 lcon.
814 4163 870 4211 Η.
909 4163 961 4210 Β.
997 4159 1054 4207 Κ.
1092 4155 1125 4206 l.
1166 4171 1206 4205 c.
1242 4153 1353 4204 Tab.
1390 4155 1439 4203 5.

579 4383 619 4425 ι)
650 4380 884 4429 espen-aecae
910 4379 1188 4420 Galeottianae
1214 4381 1242 4418 Ι.
1268 4391 1302 4419 c.
1331 4381 1416 4421 rere
1440 4387 1573 4420 onnes
1610 4380 1709 4421 false
1735 4380 2024 4420 determinatae
2050 4382 2159 4418 sunt.
