3153 5134
1448 406 1529 467 15

422 627 547 680 tres
580 610 725 677 illae
756 609 892 679 solii
927 608 1226 679 normalis
1259 622 1499 698 partes,
1549 632 1710 699 quas
1739 608 1850 677 ill.
1891 634 1968 676 na
2004 597 2276 679 nunus
2302 611 2548 705 posuit,

423 731 565 798 heic
590 729 985 800 offendimus
1014 729 1180 796 bene
1212 728 1576 808 distinctas,
1613 728 1982 819 stipularem
2014 730 2146 799 scil.
2175 731 2549 821 petiolarem

422 864 492 918 et
522 850 845 918 laminam.
874 910 883 916 ,
914 849 1087 916 Situs
1118 870 1372 938 semper
1408 863 1503 917 est
1537 849 1841 918 alternus.
1910 851 2227 918 Lamina
2262 874 2487 921 omnes
2517 877 2556 920 a

424 971 705 1040 rotunda
738 970 824 1037 ad
858 971 1163 1038 linearem
1193 992 1397 1060 usque
1425 970 1668 1037 formas
1698 970 1994 1052 absolvit,
2030 994 2173 1039 raro
2202 973 2558 1062 aequilate-

425 1090 599 1171 ralis‚
633 1091 1014 1182 plerumque
1048 1092 1193 1181 plus
1224 1089 1437 1157 minus
1469 1089 2007 1180 inaequilateralis
2037 1092 2321 1183 obliqua.
2391 1096 2554 1160 Tex—

424 1225 529 1278 tus
558 1210 1084 1278 membranaceus
1108 1224 1225 1278 aut
1259 1209 1578 1278 coriaceus
1605 1233 1946 1301 nunquam
1983 1234 2126 1280 vere
2150 1214 2559 1282 succulentus

426 1331 524 1399 vel
541 1353 858 1411 carnosus,
890 1344 1100 1399 aetate
1118 1328 1296 1398 haud
1315 1352 1459 1398 raro
1473 1328 1832 1399 admodum
1850 1345 2162 1414 mutatur,
2193 1346 2263 1400 et
2287 1355 2325 1401 e
2347 1355 2558 1400 mem-

422 1449 736 1518 branacea
783 1470 1098 1539 compage
1147 1448 1217 1515 in
1267 1447 2036 1519 scrobiculato·bullosam
2088 1464 2158 1518 et
2217 1451 2560 1520 areolatam

423 1569 677 1637 transit.
779 1567 963 1634 Nervi
1027 1567 1356 1657 digitatim
1405 1580 1474 1634 at
1523 1568 1794 1657 saepius'
1816 1568 2520 1658 pinnato-divergentes
2538 1621 2557 1652 ,

417 1688 676 1756 medius
722 1686 954 1771 fortior
1000 1686 1086 1752 ad
1141 1684 1390 1774 apicem
1440 1685 1707 1766 ductus,
1754 1686 2039 1754 laterales
2089 1700 2170 1753 ut
2206 1687 2559 1776 plurimum

427 1806 776 1888 tenuiores,
824 1828 957 1895 quo
996 1805 1203 1896 ⁴magis
1246 1804 1332 1872 ad
1377 1803 1560 1873 basin
1613 1817 1767 1873 sunt
1798 1804 2240 1895 approximati.
2330 1808 2563 1877 Nervos

421 1927 577 1997 dico
609 1949 830 1997 omnes
861 1925 1192 1994 fasciculos
1223 1926 1568 1994 vasculares
1607 1925 1721 2015 qui
1757 1948 1794 1993 e
1825 1925 1961 1993 basi
1997 1926 2095 1993 vel
2123 1926 2340 2014 paullo
2372 1950 2562 2018 supra

421 2048 604 2116 basin
631 2046 1041 2128 exoriuntur,
1079 2059 1283 2115 costas
1313 2068 1460 2115 vero
1483 2068 1706 2114 omnes
1731 2045 1848 2136 qui
1872 2068 2065 2136 supra
2092 2047 2273 2115 basin
2301 2070 2341 2114 e
2366 2070 2562 2117 nervo

426 2167 645 2236 medio
692 2180 1067 2256 erumpunt.
1143 2166 1445 2233 'Eandem
1496 2188 1614 2256 per
1662 2179 1876 2235 totum
1926 2166 2222 2235 ordinem
2267 2169 2557 2260 regulam

423 2299 701 2367 secutus,
752 2285 947 2353 etiam
1000 2285 1072 2352 in
1121 2285 1541 2375 Peperomieis
1591 2285 1986 2353 tenuissimas
2026 2287 2227 2356 fibras
2275 2311 2313 2356 e
2362 2311 2558 2357 nervo

424 2406 644 2476 medio
671 2421 843 2475 ortas
875 2419 1076 2475 costas
1106 2406 1202 2472 vel
1235 2406 1508 2474 costulas
1537 2404 1700 2486 dixi,
1748 2428 1899 2474 cum
1932 2430 2053 2497 pro
2085 2408 2314 2498 majori
2345 2408 2554 2477 mino-

425 2527 558 2597 rive
601 2525 881 2594 crassitie
923 2525 1182 2595 diversis
1233 2523 1605 2594 nominibus
1654 2524 1832 2594 haud
1879 2525 2318 2618 insigniendae
2375 2526 2557 2596 vide—

425 2648 673 2715 bantur
719 2669 847 2728 res,
891 2669 1061 2736 quae
1107 2660 1336 2714 natura
1385 2645 1562 2714 haud
1600 2644 1950 2726 differunt,
1996 2670 2291 2736 quaeque
2325 2648 2397 2714 in
2425 2648 2553 2715 dis-

425 2766 765 2835 cernendis
812 2765 1142 2856 speciebus
1171 2764 1477 2833 botanico
1509 2764 1918 2855 systematico
1956 2765 2217 2835 eximios
2247 2767 2556 2837 obferunt

425 2886 840 2955 characteres.
890 2923 983 2938 —
1034 2885 1295 2974 Majores
1342 2884 1752 2974 Piperearum
1804 2898 2016 2953 costae
2058 2885 2271 2976 primo
2315 2886 2555 2956 intuitu

426 3003 618 3073 facile
665 2995 1158 3096 distinguuntur
1191 3028 1227 3072 a
1264 3003 1666 3072 tenuioribus
1699 3003 2010 3072 fasciculis
2042 3029 2080 3074 e
2114 3029 2309 3077 nervo
2343 3008 2557 3078 medio

425 3126 601 3194 inter
644 3127 917 3215 majores
954 3125 1140 3207 ortis,
1189 3123 1519 3193 venulosiS.
1613 3125 1888 3195 Venulas
1918 3125 2051 3194 dixi
2084 3150 2293 3196 ramos
2323 3151 2560 3196 secun-

424 3244 638 3314 darios
669 3268 707 3313 e
738 3245 945 3313 nervis
975 3245 1292 3334 costisque
1322 3258 1516 3316 ortos.
1608 3246 1799 3313 Haud
1845 3269 1988 3316 raro
2039 3246 2213 3316 inter
2252 3272 2318 3316 se
2348 3251 2557 3339 paral-

425 3365 588 3435 lelae
612 3379 681 3434 et
712 3366 1098 3434 creberrime
1130 3378 1675 3434 anastomosantes
1706 3365 2170 3449 offenduntur,
2203 3391 2277 3436 ea
2309 3369 2558 3438 ratione

427 3499 511 3553 ut
537 3508 614 3553 ex
644 3486 1144 3555 anastomosibus
1175 3486 1654 3554 confluentibus
1680 3508 1814 3554 non
1841 3487 2065 3576 procul
2090 3510 2126 3554 a
2158 3488 2557 3579 marginibus

425 3628 611 3673 arcus
660 3620 840 3675 extus
886 3605 1145 3674 convexi
1197 3605 1488 3674 oriantur
1531 3606 1635 3673 vel
1680 3604 1870 3695 quasi·
1895 3628 2126 3672 nervus
2161 3629 2297 3675 non
2331 3609 2552 3697 procul

423 3748 461 3793 a
501 3726 787 3817 margine
833 3726 1197 3795 decurrens.
1288 3727 1522 3794 Nervos
1569 3747 1793 3793 omnes
1824 3747 1862 3792 e
1901 3724 2054 3791 vasis
2084 3724 2422 3815 spiralibus
2451 3751 2555 3796 ve-

423 3846 514 3914 ris
559 3845 869 3915 formatos
921 3846 1168 3916 offendi
1220 3846 1290 3913 in
1339 3844 1560 3913 multis
1622 3868 1659 3912 a
1710 3867 1817 3912 me
1866 3843 2150 3913 dissectis
2206 3846 2554 3937 speciebus.

424 3965 874 4034 Glandulae
919 3965 1235 4056 oleiparae
1285 3986 1523 4056 magno
1570 3987 1844 4032 numero
1896 3963 1994 4031 bis
2039 3964 2203 4032 foliis
2247 3966 2561 4057 inspersae

423 4098 615 4166 sunt,
652 4099 721 4154 et
749 4085 903 4155 folia
941 4085 1070 4154 luci
1098 4085 1357 4154 obversa
1384 4084 2053 4177 pellucido-punctam
2076 4085 2389 4155 reddunt.
2435 4090 2567 4155 Hae

428 4205 502 4273 in
534 4204 673 4273 aliis
705 4206 903 4275 etiam
940 4204 1238 4296 partibus
1269 4204 1599 4273 herbaceis
1629 4206 1906 4297 plantae-
1926 4205 2189 4286 adsunt,
2227 4206 2337 4272 sed
2366 4205 2437 4273 in
2469 4207 2568 4278 his

427 4337 508 4394 ut
538 4324 892 4417 plurimum
929 4325 1144 4395 minus
1174 4323 1562 4414 frequentes.
1627 4328 1707 4392 In
1734 4325 1954 4416 paucis
1983 4324 2207 4394 saltem
2238 4325 2565 4418 speciebus
