3153 5134
1411 345 1537 407 315

403 543 588 619 reliqui
631 542 888 600 multoties
931 542 1181 598 breviores
1218 552 1271 598 et
1312 542 1598 612 tenuiores3
1639 562 1813 602 omnes
1844 546 2240 604 anastomoeihus
2267 547 2545 603 reticulatis

402 632 709 707 prominulis
753 632 811 686 in
840 632 970 687 sicco
998 630 1149 687 fuscis
1167 631 1362 706 juncti.
1433 631 1663 686 Petioli
1692 631 2001 689 semiteretcs
2028 634 2354 690 canaliculati
2386 654 2547 709 usque

402 719 469 775 ad
510 721 738 776 medium
785 721 1030 796 utrinque
1074 719 1306 794 stipula
1350 718 1533 774 lineari
1579 720 1960 776 membranacea
2002 722 2181 796 glabra
2230 723 2348 776 dein
2378 722 2545 777 soluta

402 809 557 864 aucti.
628 809 878 883 Stipula
907 807 1338 883 oppositifolia
1368 813 1399 862 1
1428 816 1561 862 cent.
1583 807 1734 882 longa
1763 808 2037 863 lanceolata
2062 810 2240 883 glabra
2262 809 2545 865 convoluta.

401 902 659 952 Amenta
698 915 875 953 masc.
918 897 974 951 in
1014 896 1225 951 ramulis
1262 894 1599 969 oppositifolia
1633 895 2012 968 pedunculis
2034 898 2221 972 glabris
2243 897 2545 953 tenuibus2

404 993 537 1039 cent.
551 984 752 1039 circiter
764 982 929 1057 longis
943 993 1185 1051 sustenta,
1199 983 1461 1038 filitbrmia
1474 982 1712 1058 pendula,
1740 988 1905 1052 5-8,
1926 986 2131 1040 tandem
2147 992 2218 1041 14
2235 997 2367 1042 cent.
2383 987 2552 1086 longa,

400 1071 608 1147 glabra,
643 1072 879 1145 adspectu
911 1071 1068 1130 fusca.
1139 1076 1423 1127 Bracteae
1447 1071 2324 1171 oblongo—lineares‚subt1·iser·iales
2339 1114 2356 1142 ‚
2393 1075 2552 1130 coria-

399 1179 512 1216 ceue
528 1200 545 1228 ,
594 1159 801 1234 glabrae
817 1199 834 1228 ,
883 1158 1052 1216 fuscae
1068 1198 1086 1228 ‚
1138 1159 1457 1233 marginibus
1501 1159 1756 1233 pallidae,
1809 1160 1948 1234 apice
1991 1171 2229 1217 truncato
2262 1162 2343 1216 vel
2375 1162 2554 1218 obtuso

400 1251 622 1317 elevato,
673 1258 930 1303 caeterum
975 1258 1171 1322 praeter
1199 1247 1453 1322 margines
1481 1258 1534 1302 et
1564 1247 1709 1302 basin
1743 1257 1876 1303 totae
1910 1248 2107 1305 affixae.
2179 1249 2459 1304 Stamina
2487 1255 2553 1318 2,

406 1336 595 1393 alveolo
639 1335 854 1409 oblongo
901 1334 1201 1410 quadrilobo
1242 1345 1436 1408 recepta
1451 1375 1469 1404 ,
1521 1334 1599 1389 fil
1613 1337 1876 1392 amentis
1923 1336 2162 1392 brevibus
2200 1337 2388 1411 glabris
2416 1336 2555 1393 haud

401 1426 608 1494 crassis,
659 1446 730 1480 an
742 1425 939 1479 theris
996 1422 1673 1497 subgloboso-reniformibus
1722 1425 1876 1480 fuscis
1923 1424 2327 1493 bilocularibus5
2376 1425 2555 1480 loculis

400 1517 532 1571 rima
574 1514 776 1569 laterali
823 1512 1206 1567 dehiscentibus
1281 1511 1400 1566 Pili
1439 1511 1525 1566 hic
1560 1512 1672 1567 illic
1704 1513 1840 1566 inter
1872 1514 2090 1567 stamina
2120 1512 2292 1588 sparsi.
2329 1514 2448 1583 (sec.
2479 1534 2553 1589 sp.

398 1605 549 1660 Herb.
582 1607 655 1657 De
687 1607 813 1657 Less.
845 1601 1145 1674 inscriptum
1176 1599 1266 1655 »le
1293 1600 1400 1656 vrai
1428 1600 1598 1673 poivre
1627 1600 1689 1655 de
1721 1600 1896 1654 Mahe'’
1916 1603 1986 1671 1).

478 1691 634 1747 Aliud
679 1691 736 1745 in
778 1689 947 1744 eodem
998 1687 1145 1743 Herb.
1194 1676 1456 1761 specimen.
1489 1698 1685 1757 exstat,
1721 1707 1751 1743 a
1782 1688 1835 1743 b.
1863 1702 2126 1742 mellanno
2157 1691 2211 1743 P.
2242 1685 2441 1741 fallax
2472 1687 2553 1742 in·

403 1781 680 1854 scriptum,
735 1779 794 1833 in
824 1777 1057 1832 Guiana
1086 1775 1326 1849 gallica
1359 1776 1604 1844 cultum,
1641 1767 1736 1830 ubi¹
1758 1794 1817 1830 ex
1846 1775 1959 1831 ins.
1987 1774 2265 1829 Mauritii
2295 1795 2385 1848 pro
2419 1794 2557 1829 vero

405 1869 619 1941 Pipere
664 1867 844 1940 nigro
890 1864 1244 1919 introductum
1275 1863 1380 1918 fuit
1417 1874 1468 1918 et
1492 1863 1773 1918 cultoribus
1803 1882 2010 1936 magnos
2041 1882 2182 1935 agros
2204 1862 2557 1936 plantantibus

408 1956 591 2012 fucum
631 1954 799 2010 fecisse
815 1993 832 2022 ,
884 1953 953 2010 cl.
990 1967 1219 2007 mcum)
1250 1962 1463 2026 autopta
1490 1960 1742 2022 testatur,
1779 1971 1901 2007 nam
1934 1950 2167 2007 bacculas
2193 1950 2557 2008 minutissimas

409 2055 617 2100 tantum
646 2041 879 2117 protulit.

482 2132 562 2188 Ad
592 2132 801 2186 eandem
829 2130 962 2184 hanc
992 2129 1201 2203 speciem
1235 2132 1288 2185 P.
1322 2129 1604 2202 spurium
1632 2128 1759 2184 Lk.!
1792 2125 2359 2203 pertinere,specimina
2389 2126 2556 2200 stirpis

411 2223 469 2277 in
512 2225 655 2277 llort.
702 2219 858 2275 berol.
902 2218 1071 2273 cultae
1111 2218 1404 2273 docuerunt.
1480 2216 1687 2271 Caulis
1712 2216 2010 2284 fruticosus,
2045 2214 2291 2282 nodosuS,
2327 2214 2556 2268 teretius·

411 2307 590 2373 culus,
640 2305 912 2359 striulatus
933 2343 951 2372 ‚
1001 2324 1030 2358 e
1073 2304 1214 2358 nodis
1260 2302 1506 2357 radicans.
1579 2302 1752 2358 Folia
1798 2303 2174 2357 membranacea
2202 2303 2280 2358 vel
2314 2303 2556 2358 coriaoeo·

412 2394 823 2461 membranacea,
856 2391 1070 2448 obsolete
1098 2391 1643 2466 pellucido-punctam,
1671 2392 1965 2466 venulisque
1993 2391 2287 2465 pellucidis,
2309 2393 2554 2465 utrinque

413 2483 620 2558 glabra,
670 2501 822 2555 supra
872 2490 1095 2535 saturate
1146 2479 1329 2533 viridia
1377 2480 1541 2533 nervis
1586 2478 1771 2532 lineata
1788 2517 1805 2546 ,
1837 2479 2020 2533 subtus
2049 2479 2231 2553 glauca
2259 2479 2559 2548 reticulata,

413 2571 671 2648 petiolis
724 2570 894 2643 longis
941 2567 1282 2624 subteretibus
1329 2566 1682 2622 canaliculatis
1727 2565 1940 2639 glabriS,
1993 2566 2100 2621 basi
2149 2566 2227 2622 vel
2274 2566 2336 2621 ad
2391 2566 2562 2645 ἑὼ

416 2657 654 2733 stipula
695 2667 907 2731 angusta
954 2656 1137 2710 lineari
1175 2655 1388 2709 decidua
1421 2654 1669 2728 utrinque
1696 2653 1879 2721 alatis,
1916 2659 2062 2709 3—8
2092 2664 2224 2709 cent.
2258 2654 2425 2728 longis
2456 2675 2564 2711 sus-

414 2757 558 2802 tenta
572 2786 590 2815 ,
638 2755 812 2812 ovata,
859 2743 964 2797 basi
1000 2743 1176 2797 leviter
1204 2741 1433 2807 cordata,
1469 2740 1781 2815 aequilatera
1802 2780 1818 2807 ‚
1855 2740 2172 2814 marginibus
2208 2740 2561 2813 subrcvoluta,

416 2836 555 2909 apice
599 2843 733 2888 recte
766 2832 1059 2887 acuminata
1077 2870 1093 2898 ‚
1123 2835 1299 2886 6—11
1336 2840 1470 2885 cent.
1498 2829 1683 2903 longa,
1719 2835 1940 2901 ’ἑξ-ὅξ-
1969 2830 2115 2900 lata3
2153 2832 2320 2886 nervis
2351 2836 2421 2898 7,
2448 2851 2563 2886 raro

416 2927 452 2978 9
499 2920 801 2996 prominulis
817 2960 834 2987 ‚
886 2937 1104 2995 quorum
1153 2918 1348 2973 medius
1395 2918 1458 2972 ad
1508 2919 1700 2991 apicem
1721 2957 1738 2986 ,
1792 2928 2052 2992 sequentes
2101 2919 2203 2975 fere
2239 2921 2303 2975 ad
2334 2921 2526 2994 apicem
2542 2960 2560 2990 ,

418 3010 601 3083 reliqui
631 3008 898 3075 breviores,
928 3026 1098 3062 omnes
1121 3006 1376 3061 reticulati
1399 3006 1728 3061 subtilissime
1755 3017 2190 3065 anastomosantes.
2212 3012 2329 3081 (sec.
2353 3028 2560 3064 ramum

418 3098 642 3160 sterilem
693 3116 768 3169 sp.
802 3101 940 3151 Hort.
987 3095 1167 3166 berol.)
1269 3094 1438 3149 Folia
1482 3114 1738 3149 ramorum
1789 3096 2081 3151 florentium
2122 3097 2183 3151 iis
2235 3118 2294 3153 ex
2345 3097 2559 3153 insula

418 3186 698 3240 mauritii
730 3185 898 3239 allatis
926 3184 1208 3239 simillima.
1281 3188 1610 3238 Amcntum
1641 3203 1815 3240 masc.
1839 3189 1911 3239 10
1938 3196 2074 3240 cent.
2108 3186 2347 3262 longum,
2381 3186 2553 3241 brac·

420 3273 537 3327 teis
565 3283 617 3328 et
647 3272 1025 3328 staminibus
1057 3282 1117 3325 ut
1142 3271 1199 3324 in
1228 3270 1572 3346 sylvestribus,
1610 3273 1727 3341 (sec.
1755 3290 1829 3345 sp.
1859 3271 1989 3327 cult.
2019 3271 2171 3329 Herb.
2202 3292 2305 3348 reg.
2332 3273 2513 3346 berol.)

509 3451 569 3511 5.
653 3455 888 3524 Piper
921 3451 1532 3523 leptostachyum
1574 3449 1876 3509 Wallich!
1906 3450 2057 3510 List.
2090 3471 2151 3511 n.
2191 3449 2366 3512 1540.
2425 3448 2558 3510 Gla·

428 3552 639 3628 brum,
679 3553 838 3613 soliis
875 3551 1641 3612 coriaceo-membranaceis
1654 3599 1674 3630 ,
1712 3553 2014 3613 subtiliter
2040 3554 2559 3634 pellucido-punc·

430 3654 636 3715 tulatis
652 3700 671 3731 ‚
745 3655 1051 3730 nitidulis,
1123 3653 1430 3729 laevibus,
1506 3656 1715 3716 subtus
1772 3652 2043 3735 pallidis,
2098 3657 2561 3742 (superioribus)

429 3758 681 3838 oblique
749 3758 1025 3837 oblongis
1094 3759 1781 3819 attenuato-acuminatis
1831 3760 2112 3819 acumine
2164 3770 2378 3839 acuto,
2435 3762 2563 3823 basi

433 3862 738 3943 inaequali
786 3861 1121 3922 rotundatis
1141 3907 1159 3938 ,
1190 3862 1881 3924 noveno-nervi-costatis
1897 3908 1916 3939 ,
1957 3865 2157 3924 nervis
2190 3864 2229 3924 3
2261 3864 2562 3926 inferiori·

435 3967 549 4028 bus
595 3988 631 4028 e
664 3966 791 4026 basi
823 3967 922 4027 vel
957 3984 1171 4047 parum
1204 3985 1382 4045 supra
1416 3986 1548 4027 eam
1565 4013 1586 4044 ,
1628 3987 1908 4047 supremo
1942 3967 2018 4026 ad
2056 3968 2211 4050 {—}
2246 3968 2346 4028 alt.
2380 3969 2562 4046 ortis,

501 4189 540 4257 1)
592 4190 714 4239 »Du
757 4190 914 4256 jardin
965 4191 1021 4242 de
1074 4193 1121 4244 la
1154 4195 1267 4243 ville
1301 4196 1537 4263 Bague,
1572 4214 1634 4246 ou
1667 4197 1703 4246 il
1741 4215 1769 4247 a
1806 4195 1956 4246 donne
1988 4214 2106 4263 pour
2143 4201 2188 4249 la
2222 4201 2443 4267 premiere
2473 4204 2564 4252 fois

429 4272 559 4340 (dans
615 4286 733 4325 cette
773 4277 877 4344 isle)
913 4277 992 4326 des
1028 4279 1169 4328 sruits
1206 4297 1264 4330 en
1296 4282 1467 4330 sevrier
1504 4286 1654 4333 1773.
1692 4283 1955 4332 Bourbon.'’
1990 4311 2062 4321 ——-
2093 4286 2243 4336 Certo·
2258 4296 2414 4338 autem
2451 4285 2563 4339 baec

425 4376 453 4408 a
495 4362 540 4409 Ρ.
584 4363 716 4430 nigro
754 4362 1055 4416 diversissima
1093 4366 1267 4432 species
1297 4382 1437 4434 gram
1474 4367 1651 4435 Piper-is
1681 4385 1883 4435 promere
1919 4372 2096 4437 nequit.
