3153 5134
1415 356 1541 420 313

417 551 731 630 marginibus
776 554 1031 624 revoluta,
1084 546 1304 609 12—14'
1342 563 1475 609 cent.
1523 552 1704 627 longa,
1757 558 1902 609 5-6
1952 550 2007 609 in
2037 555 2203 611 medio
2229 555 2365 625 lata,
2401 576 2553 632 supra

417 645 603 714 laevia,
638 643 801 698 nitida
815 682 833 712 ,
869 643 1029 699 nervis
1059 642 1313 716 primariis
1342 640 1646 715 profundius
1677 641 1892 709 lineata,
1928 640 2112 698 subtus
2141 643 2354 716 pallida,
2378 645 2555 717 glabra

418 735 580 790 nervis
622 733 915 808 venalisque
959 731 1241 787 reticulatis
1288 729 1697 804 prominentibus
1738 740 1947 800 notata3
2006 750 2035 786 e
2078 751 2232 787 nervo
2275 733 2441 788 medio
2492 733 2559 788 ad

413 821 608 895 apicem
652 822 804 877 ducto
845 822 1084 897 utrinque
1127 825 1164 875 3
1210 820 1350 874 nervi
1397 818 1639 873 oriuntur
1652 858 1670 887 ,
1720 838 1942 895 quorum
1985 819 2088 876 duo
2136 839 2165 875 e
2193 820 2335 889 basi3
2367 820 2553 876 horum

415 908 632 966 intimus
660 910 1014 966 subtilissimus
1044 910 1109 965 ad
1137 908 1283 964 basin
1312 907 1604 962 delitescens
1624 945 1642 975 ,
1675 907 1808 962 alter
1836 908 1985 962 fortis
2014 908 2246 983 parallele
2274 928 2391 964 cum
2418 929 2554 965 mar·

414 997 532 1072 gine
573 997 899 1068 adscendens,
950 1015 1100 1073 supra
1136 1000 1169 1063 {-
1201 997 1294 1052 alt.
1323 995 1645 1064 delitescens;
1681 993 1864 1050 tertius
1897 996 2018 1050 huic
2046 996 2227 1051 similis
2254 997 2497 1053 remotius
2520 1016 2553 1052 a

411 1086 523 1141 basi
583 1095 722 1140 ortus
766 1095 821 1141 et
864 1085 1104 1159 parallele
1144 1083 1442 1139 adscendens
1490 1102 1582 1156 per
1626 1084 2016 1138 anastomosium
2062 1103 2208 1139 arcus
2254 1085 2317 1140 ad
2363 1086 2558 1160 apicem

407 1174 609 1230 duetus.
658 1178 1000 1229 Anastomoses
1026 1171 1339 1227 reticulatim
1369 1170 1686 1225 cohaerentes
1717 1172 1960 1245 copiosae,
1987 1174 2041 1227 in
2070 1172 2408 1228 adultioribus
2438 1194 2551 1248 pro-

416 1261 660 1317 minulae.
714 1266 977 1316 Amenta
1006 1260 1063 1314 in
1088 1259 1303 1314 summis
1328 1258 1544 1312 ramulis
1570 1256 1903 1331 oppositifolia
1926 1258 2296 1333 pedunculis
2327 1262 2556 1317 teretius-

418 1349 551 1405 culis
577 1348 767 1424 glabris
802 1348 1053 1403 striulatis
1066 1387 1083 1416 ,
1123 1365 1293 1401 versus
1321 1346 1520 1418 apicem
1554 1344 1829 1420 paullisper
1858 1347 2172 1415 incrassatis,
2207 1358 2562 1422 meto-paten-

419 1437 560 1493 tibus
601 1446 827 1492 sustenta
845 1475 863 1504 ,
912 1436 970 1489 in
1016 1435 1156 1490 siccis
1198 1433 1419 1508 pendula
1461 1442 1514 1487 et
1541 1432 1761 1488 flexuosa
1790 1439 1931 1490 4--5
1963 1445 2096 1492 cent.
2123 1434 2307 1510 longa,
2342 1456 2561 1510 pennam

418 1525 676 1580 corvinam
719 1542 910 1589 crassa,
959 1521 1125 1577 baccis
1170 1521 1401 1576 nondum
1434 1522 1668 1577 maturis.
1740 1525 2027 1578 Bracteae
2054 1524 2331 1593 coriaceae,
2361 1523 2562 1594 fuscae,

415 1612 657 1687 pallidius
705 1610 1019 1684 marginatae
1033 1648 1050 1677 ,
1101 1608 1343 1683 oblongae
1361 1649 1378 1676 ‚
1427 1611 1565 1682 apice
1609 1608 1768 1664 libem
1810 1609 2060 1679 elevatae,
2110 1610 2333 1685 alioquin
2373 1622 2568 1686 praeter

417 1700 666 1771 margines
709 1708 760 1753 et
801 1697 947 1752 basin
988 1696 1240 1752 elevatam
1288 1695 1471 1752 aessiles
1484 1736 1502 1765 ,
1547 1716 1699 1770 supra
1731 1696 1935 1771 glabrae
1949 1737 1965 1765 ,
1995 1698 2219 1773 juniores
2247 1701 2560 1774 marginibus

416 1786 763 1842 subciliolatae
778 1824 795 1853 ,
830 1785 1012 1840 subtus
1057 1784 1354 1860 rhachisque
1400 1786 1592 1839 amenti
1621 1785 1752 1839 infra
1786 1786 2025 1860 genitalia
2050 1786 2197 1861 longe
2229 1788 2570 1860 griseo-fusco-

419 1875 601 1930 birtae.
673 1872 912 1947 singulus
957 1873 1079 1927 flos
1108 1873 1339 1947 calyculo
1372 1871 1540 1927 bilobo
1568 1872 1722 1944 (lohis
1751 1873 1862 1932 scil.
1891 1873 2188 1928 lateralibus
2215 1873 2312 1928 fere
2336 1875 2567 1933 obsoletis

413 1961 554 2017 baud
579 1960 793 2035 perfecte
815 1959 1113 2035 quadrilobo
1143 1962 1223 2015 uti
1252 1961 1308 2015 in
1325 1965 1378 2017 P.
1408 1962 1467 2014 ni
1481 1980 1588 2034 gro
1615 1961 1846 2035 aliisque)
1875 1961 2016 2016 intus
2040 1960 2201 2029 hirto,
2231 1981 2259 2017 e
2285 1967 2484 2037 propria
2516 1977 2571 2022 et

415 2068 566 2124 supra
595 2048 782 2122 positae
810 2048 1037 2103 bracteae
1067 2049 1176 2104 basi
1202 2050 1396 2105 elevata
1423 2050 1637 2105 formato
1667 2049 1883 2106 cinctuS.
1954 2053 2236 2106 Stamina
2264 2058 2298 2107 2
2331 2053 2562 2110 lateralia

418 2138 502 2194 vix
526 2137 864 2212 emergentia,
901 2136 1246 2193 filamentis
1288 2139 1491 2207 crassis,
1519 2139 1629 2194 basi
1662 2141 1950 2214 compressis
1981 2141 2120 2214 apice
2150 2142 2476 2217 cylindraceis
2501 2163 2562 2199 ae

418 2227 726 2295 incrassatis,
761 2228 997 2302 apiceque
1024 2228 1129 2300 ipso
1160 2228 1399 2302 utrinque
1426 2228 1724 2284 antherae
1751 2228 1982 2284 loculum
2004 2230 2282 2305 oblongum
2305 2232 2561 2288 sulcatum

419 2315 731 2390 gerentibus,
754 2315 1032 2370 loculorum
1065 2315 1293 2389 apicibus
1322 2334 1372 2370 se
1396 2317 1733 2391 tangentibus
1749 2357 1766 2385 ,
1791 2317 1993 2372 basibus
2022 2318 2166 2373 valde
2194 2320 2563 2396 divergeutibus

420 2404 580 2476 (unde
606 2403 815 2458 anthera
843 2402 1137 2477 quadriloba
1165 2422 1224 2457 ex
1252 2407 1431 2474 noxa.)
1501 2406 1787 2458 Stamina
1814 2405 2010 2460 effoetis
2039 2406 2263 2461 antberis
2292 2409 2356 2462 ad
2381 2409 2562 2465 baccae

420 2493 577 2548 latera
619 2492 932 2566 persistunt,
975 2500 1030 2545 et
1072 2490 1234 2545 sulcos
1281 2491 1425 2545 binos
1465 2491 1778 2565 inprimunt.
1868 2493 2159 2548 Ovarium
2201 2495 2558 2570 subglobosum

419 2581 688 2657 glabrum,
741 2580 1146 2655 stigmatibus
1205 2585 1239 2634 4
1296 2583 1484 2651 (Bon.
1534 2587 1567 2634 3
1621 2582 1773 2652 vidit)
1823 2584 2232 2655 erecto-patulis,
2269 2583 2444 2639 leviter
2483 2606 2562 2641 re-

419 2670 587 2726 curvis
616 2670 905 2726 lanceolatis
930 2668 1295 2736 breviusculis,
1332 2687 1484 2741 supra
1517 2668 1808 2744 puberuliS,
1843 2669 2023 2724 subtus
2051 2671 2258 2743 glabris.
2341 2677 2559 2732 Baccae

421 2760 725 2815 immaturae
765 2754 1092 2829 stigmatibus
1106 2792 1124 2823 ,
1178 2754 1385 2808 demum
1433 2772 1605 2809 eorum
1654 2755 1961 2809 rudimentis
2008 2768 2267 2813 coronatae
2282 2799 2298 2828 ,
2348 2760 2403 2814 in
2433 2762 2562 2819 sicco

421 2859 560 2904 atrae
573 2888 590 2917 ,
639 2846 833 2901 nitidae
847 2884 864 2913 ,
913 2842 1375 2916 obovato·globosae
1389 2881 1406 2910 ,
1460 2847 1494 2896 4
1545 2861 1673 2898 mm.
1722 2842 1807 2897 vix
1850 2843 2041 2917 longae.
2076 2847 2194 2916 (see.
2223 2866 2298 2920 sp.
2327 2862 2482 2906 non.
2507 2852 2564 2908 in

423 2940 575 2997 Herb.
604 2943 674 2992 De
701 2940 853 3008 Less.)

493 3032 589 3102 Sp.
618 3046 792 3083 masc.
825 3027 886 3081 in
921 3025 1130 3080 Cirear
1154 3023 1376 3089 lectum,
1413 3022 1705 3078 foliorum
1736 3021 2565 3102 formaapraecedenteparumper

420 3115 669 3169 recedens.
738 3118 868 3167 Haec
913 3112 1051 3166 enim
1088 3111 1251 3185 magis
1291 3121 1437 3165 ovata
1475 3110 1551 3165 vel
1583 3109 1962 3184 ovato-oblonga
1979 3149 1996 3178 ,
2033 3110 2200 3167 multo
2232 3116 2396 3189 magis
2424 3116 2560 3171 inae·

420 3203 702 3276 quilatera,
738 3201 845 3255 basi
882 3200 1130 3277 inaequali
1164 3199 1434 3253 rotundata
1453 3239 1470 3266 ,
1504 3197 1686 3252 infima
1714 3197 2040 3268 subcordata,
2076 3199 2214 3273 apice
2242 3201 2381 3256 haud
2412 3204 2561 3280 longe

421 3292 741 3358 acuminata,
792 3288 1034 3363 septupli·
1081 3288 1159 3343 vel
1208 3288 1667 3363 quintuplinervia,
1718 3287 1883 3341 nervis
1926 3288 2161 3343 omnibus
2206 3309 2235 3345 e
2264 3292 2382 3346 ‘basi
2410 3294 2559 3363 ortis,

425 3388 623 3451 praeter
649 3378 973 3452 superiorem,
1009 3377 1099 3450 qui
1126 3395 1240 3430 vero
1268 3374 1544 3449 aliquando
1574 3375 1630 3428 in
1656 3374 1810 3429 latere
1842 3374 2037 3430 minore
2063 3376 2224 3446 deoet3
2243 3379 2563 3455 costulaeque

420 3485 448 3521 e
474 3486 625 3521 nervo
650 3466 815 3521 medio
845 3465 1171 3520 horizontales
1195 3464 1479 3533 tenuiores;
1514 3464 1706 3538 majora
1738 3469 1955 3519 14--15
1985 3476 2120 3522 cent.
2149 3467 2326 3541 longa,
2361 3472 2396 3522 7
2421 3468 2563 3539 lata,

424 3554 618 3609 minora
665 3559 700 3610 9
745 3555 926 3628 longa,
979 3558 1048 3625 4}
1077 3553 1197 3608 lata.
1271 3551 1498 3606 Petioli
1531 3553 1831 3608 semiteretes
1857 3554 2021 3607 antice
2053 3555 2407 3626 canaliculati,
2443 3557 2564 3612 sub·

423 3641 686 3713 puberuli,
746 3641 975 3714 juniores
1019 3658 1179 3713 usque
1221 3638 1285 3692 ad
1333 3638 1563 3693 medium
1612 3639 1852 3714 utrinque
1899 3640 2137 3715 stipula
2182 3644 2562 3701 membranacea

424 3729 592 3783 enervi
637 3729 818 3783 lineari
864 3727 1003 3801 apice
1046 3726 1248 3801 oblique
1275 3736 1462 3780 resecta
1491 3726 1703 3781 decidua
1737 3728 1999 3796 instructi,
2037 3733 2217 3795 1—13
2246 3742 2378 3788 cent.
2407 3734 2564 3809 longi.

423 3821 488 3872 ln
513 3816 868 3891 junioribus
892 3813 1063 3868 foliis
1084 3812 1241 3867 etiam
1281 3814 1344 3867 ad
1376 3813 1515 3868 basin
1547 3814 1639 3887 pili
1668 3815 1823 3888 sparsi
1847 3816 2062 3872 decidui.
2118 3819 2365 3893 Stipula
2393 3841 2564 3896 oppo-

422 3904 697 3962 sitifolia
726 3910 793 3970 21
812 3911 947 3957 cent.
954 3901 1101 3974 longa
1129 3901 1321 3975 glabra,
1357 3903 1594 3970 coriacea,
1626 3898 1914 3971 lanceolata,
1943 3906 2251 3974 acuminata,
2277 3908 2561 3966 convoluta.

426 3998 678 4048 Amenta
718 4010 893 4046 masc.
936 3989 1365 4057 erecto-incurva,
1415 3990 1786 4063 pedunculis
1831 3992 2074 4048 teretibus
2100 3993 2356 4067 puberulis
2388 4001 2561 4064 1-1,-

423 4091 558 4137 cent.
601 4081 761 4154 longis
804 4088 1057 4146 sustenta,
1111 4076 1388 4152 cylindrica
1404 4116 1421 4145 ,
1473 4097 1641 4133 versus
1686 4078 1878 4152 apicem
1927 4080 2102 4154 paullo
2135 4091 2420 4151 attenuata,
2457 4083 2564 4139 basi

427 4174 494 4237 1}
536 4189 666 4224 mm.
711 4187 905 4236 crassa,
949 4166 1178 4221 nondum
1207 4166 1479 4234 florentia,
1516 4172 1622 4220 3—
1627 4171 1658 4220 4
1689 4178 1822 4222 cent.
1849 4166 2019 4242 longa.
2088 4173 2384 4226 Bracteae
2414 4170 2563 4228 dense

426 4256 722 4311 imbricatae
766 4253 1294 4328 oblongo-rotundatae
1332 4252 1495 4309 luscae
1510 4293 1527 4322 ,
1563 4254 1875 4328 marginibus
1904 4255 2263 4313 latescentibus
2294 4258 2561 4334 puberulo-

419 4347 616 4405 ciliatae
647 4385 665 4414 ,
687 4344 866 4401 subtus
896 4342 1142 4398 birtellae.
1181 4345 1301 4413 (sec.
1339 4357 1408 4414 sp.
1443 4340 1606 4396 Roxb.
1630 4338 1775 4398 nerii.
1806 4342 1919 4414 cit.)
