3153 5134
1395 369 1521 433 515

382 566 554 626 multo
576 568 845 641 tenuiores,
876 585 1051 625 omnes
1077 565 1470 621 anastomosibus
1499 565 1794 621 transversis
1820 564 2095 622 subtilibus
2113 569 2337 642 junctae.
2396 570 2518 626 sti-

382 661 532 735 pula
560 658 991 736 oppositifolia
1023 657 1125 712 cito
1152 655 1364 724 caduca,
1396 654 1806 725 membranacea,
1840 656 2371 732 oblongo-lanceolata,
2398 678 2518 714 acu—

385 749 585 803 minata
600 787 617 817 ,
662 744 1178 803 convoluto-carinam
1191 786 1207 814 ,
1259 742 1553 817 glandulosa
1568 783 1585 812 ‚
1632 745 1817 818 postice
1860 745 1926 799 ad
1967 745 2243 802 nervulum
2289 749 2520 802 medium

381 835 661 910 pubet-ula,
691 841 728 890 2
758 845 891 891 cent.
920 832 1024 888 fere
1050 832 1217 905 longa.
1262 834 1519 886 Amenta
1538 832 1796 904 Juniora
1825 832 2124 906 subpatula‚
2157 835 2516 892 submatura

378 924 590 982 omnino
629 923 843 991 deflexa,
887 919 1259 996 pedunculis
1302 918 1637 976 tenuiusculis
1679 925 1752 987 1}
1790 932 1921 977 cent.
1964 923 2068 977 fere
2101 922 2287 998 longis,
2327 922 2520 998 glabris

378 1009 689 1085 glandulosis
713 1019 825 1083 post
850 1007 1046 1063 amenti
1071 1009 1237 1061 fatum
1265 1005 1538 1080 aliquando
1563 1008 1936 1080 persistentibus
1961 1011 2199 1080 suffulta,
2222 1011 2518 1068 florentia

375 1104 443 1168 3,
494 1098 854 1154 submatura
902 1101 1045 1151 3-4
1090 1106 1224 1151 cent.
1267 1095 1446 1167 longa,
1492 1095 1817 1166 rectiuscula,
1848 1098 2186 1167 obtusa‚13-‚
2217 1099 2517 1155 submatura

378 1191 561 1262 2-2ζ.
598 1206 728 1242 mm.
761 1205 937 1241 crassa.
1010 1184 1210 1238 Flores
1248 1182 1634 1255 subannulatim
1672 1182 1918 1256 dispositi.
1988 1189 2272 1241 Bracteae
2306 1186 2519 1259 pedicel·

376 1275 532 1343 latae,
568 1274 811 1349 peltatae,
847 1274 984 1348 pelta
1014 1270 1318 1344 triangulari
1350 1269 1645 1343 glandulosa
1676 1270 1853 1345 glabra
1886 1270 2163 1345 subplana‚
2198 1273 2516 1348 marginibus

371 1364 658 1420 extenuatis
696 1359 1061 1417 lutaeccntibus
1083 1357 1560 1426 lacero-fimbriata,
1591 1359 1820 1432 juniores
1841 1358 2165 1431 subinflexae.
2238 1362 2517 1419 Stamina

375 1456 559 1507 2-3?
605 1450 898 1507 antherae
934 1448 1101 1502 dilute
1138 1447 1332 1515 flavae,
1377 1446 1695 1514 milhmam,
1737 1447 1919 1501 loculis
1954 1446 2181 1515 sulcatis,
2224 1451 2519 1506 connectivo

373 1540 515 1595 inter
548 1537 737 1593 loculos
774 1534 1067 1611 glanduloso
1100 1553 1291 1590 emerso
1304 1573 1322 1602 ,
1365 1553 1507 1588 nunc
1542 1533 1701 1607 nigro.
1775 1538 1963 1590 Bacca
1995 1535 2278 1591 immatura
2303 1536 2519 1593 obovata

376 1628 474 1682 tri-
518 1626 601 1681 vel
646 1637 904 1699 tetragona
918 1665 935 1692 ‚
985 1624 1170 1679 vertice
1212 1622 1523 1696 planiusculo
1570 1621 1896 1696 glandulosa,
1948 1625 2518 1682 verrucoso-umbonata.

371 1714 683 1788 Stigmata
715 1713 813 1768 tria
842 1712 1081 1767 videntur
1108 1709 1368 1766 filiformia
1394 1712 1514 1782 (sec.
1543 1728 1672 1784 spec.
1703 1709 1819 1781 cit.)

461 1888 596 1950 155.
675 1893 1052 1950 Artanthe
1086 1890 1557 1949 auleatum-a.
1633 1887 1903 1949 Ramulis
1933 1889 2172 1969 petiolis
2201 1889 2510 1969 peduncu-

380 1991 456 2052 lis
489 1991 770 2072 foliisque
803 1994 1008 2053 subtus
1042 1992 1319 2072 inprimis
1350 1992 1416 2051 in
1451 1992 1653 2052 nervis
1686 1992 1879 2067 hirtis,
1912 1993 2006 2052 his
2033 1994 2514 2056 membranaceo·

379 2095 669 2156 coriaceis
700 2097 1000 2156 subtiliter
1050 2094 1773 2175 pellucido-punctulatis,
1805 2114 1985 2173 supra
2015 2097 2346 2175 subopacis,
2377 2098 2518 2158 sub-

382 2206 480 2259 tus
510 2200 937 2279 'pallidioribus
952 2245 970 2275 ‚
1012 2197 1483 2278 ovato-oblongis
1520 2199 1622 2258 vel
1661 2198 2349 2277 ovato-sublanceolatis‚
2388 2201 2517 2262 basi

375 2302 619 2382 aequali
654 2303 747 2364 vel
783 2302 1088 2382 inaequali
1120 2300 1455 2362 rotundatis
1486 2310 1591 2362 aut
1624 2303 1834 2378 acutis,
1852 2303 2022 2382 apice
2051 2303 2357 2384 obliquius
2384 2305 2514 2364 lon·

376 2425 579 2484 geque
633 2405 1021 2478 acuminatis,
1077 2405 1254 2463 costis
1306 2404 1608 2480 primariis
1662 2405 1951 2482 utrinque
2011 2406 2171 2466 5-6
2184 2453 2203 2483 ,
2263 2408 2518 2469 amentis

376 2506 599 2585 patulis
630 2506 809 2584 longe
843 2504 1264 2584 pedunculatis
1293 2504 1609 2581 brevibus,
1641 2505 1988 2582 pedunculo
2025 2511 2377 2588 aequalibus
2409 2513 2510 2572 vel

378 2608 758 2668 brevioribus
773 2654 791 2684 ,
817 2608 1079 2667 rostratis
1096 2653 1114 2683 ,
1151 2615 1339 2665 rostro
1366 2607 1528 2681 fisso,
1560 2608 1817 2668 bracteis
1853 2603 2514 2675 abbreviato-conchae·

304 2704 310 2710 ’
382 2710 678 2771 formibus
724 2710 1120 2769 minutissime
1172 2708 1388 2769 ciliatis
1403 2755 1421 2785 ,
1476 2709 1827 2770 staminibus
1881 2714 1950 2789 2,
2005 2713 2221 2774 loculis
2270 2717 2511 2777 sulcatis

374 2814 735 2874 connectivo
766 2833 955 2875 crasso
987 2811 1766 2891 transparenti·glanduloso
1797 2815 2087 2895 utrinque
2113 2818 2363 2896 adnatis‚
2398 2821 2509 2883 illo

380 2916 478 2977 his
512 2917 738 2978 effoetis
768 2917 1085 2978 incrassato
1118 2915 1490 2995 persistente.

462 3022 754 3083 Habitat
782 3022 846 3080 in
877 3021 1123 3101 Guyana
1151 3018 1370 3099 gallica
1392 3018 1733 3102 (Leprieurl
1774 3018 1891 3081 152
1921 3021 1987 3081 in
2015 3022 2192 3085 Herb.
2218 3022 2303 3085 De
2329 3025 2509 3109 Less.)

452 3147 647 3220 Species
673 3144 965 3220 singularis,
993 3139 1168 3199 nullae
1192 3143 1402 3198 sectioni
1425 3154 1542 3217 apte
1568 3144 1911 3214 adscribenda,
1943 3146 2007 3201 ob
2032 3146 2269 3204 foliorum
2295 3149 2512 3207 sormam

378 3232 485 3289 huc
522 3233 785 3289 collocata.
855 3236 1039 3287 Frutex
1077 3231 1361 3286 dichotome
1399 3242 1451 3288 et
1489 3233 1786 3288 alternatim
1826 3236 2223 3307 ramosissimus,
2268 3240 2511 3310 nodosu8‚

378 3322 566 3377 ramis
604 3321 893 3398 cylindricis
930 3320 1338 3376 salmo-afflatis
1375 3320 1718 3395 subglabratis
1750 3323 1945 3377 sordide
1978 3323 2162 3392 fuscis,
2197 3328 2387 3399 opacis,
2424 3348 2512 3383 ra·

375 3410 571 3465 mulis
612 3412 667 3465 in
705 3411 838 3466 sicco
882 3409 1182 3484 tetragoniS‚
1227 3408 1416 3464 striatis
1452 3408 1631 3478 hirtis3
1677 3410 1959 3466 internodia
1996 3416 2137 3467 2-7
2175 3423 2307 3467 cent.
2344 3413 2512 3490 longa.

375 3503 753 3554 incrementum
801 3496 1172 3572 longitudinale
1215 3496 1354 3552 haud
1399 3497 1465 3552 ad
1510 3497 1778 3572 singulum
1826 3498 2018 3553 nodum
2063 3519 2266 3574 gemma
2310 3502 2516 3560 laterali

375 3589 709 3643 continuatur
748 3588 829 3643 sed
874 3606 1014 3661 saepe
1058 3585 1338 3655 terminali,
1385 3586 1586 3641 laterali
1635 3585 1901 3641 ramulum
1945 3586 2204 3643 axillarem
2244 3588 2508 3649 formante.

377 3675 546 3731 Folia
586 3675 927 3744 erectiuscula,
982 3674 1632 3742 membranaceo-coriacca,
1675 3672 1930 3727 subtiliter
1968 3674 2512 3751 pellucido-punctata,

374 3782 531 3837 supra
563 3773 786 3818 saturate
815 3764 995 3818 viridia
1023 3774 1077 3818 et
1104 3762 1348 3836 subopaca
1365 3801 1383 3830 ‚
1416 3761 1624 3836 glabra,
1659 3760 1723 3816 ad
1752 3759 1945 3815 lentem
1974 3760 2230 3834 glandulis
2263 3766 2420 3839 nigris
2455 3779 2509 3824 et

374 3850 617 3906 atomulis
648 3848 774 3905 albis
799 3849 1028 3923 adspersa
1043 3888 1059 3917 ‚
1094 3849 1275 3904 subtus
1304 3849 1568 3922 pallidiora
1598 3846 2061 3926 subglaucescentia
2092 3850 2229 3906 haud
2260 3854 2511 3926 nitidula,

376 3937 610 4011 inprimis
636 3938 688 3991 in
719 3938 880 3991 nervis
911 3937 1060 3991 dense
1090 3936 1254 4005 hirta,
1288 3946 1451 3991 aetate
1482 3946 1713 4011 provecta
1744 3936 1919 4009 paullo
1945 3937 2222 4011 glabriora‚
2259 3943 2509 4014 petiolis

374 4024 526 4080 hirtis
563 4026 728 4079 antice
771 4024 1116 4079 canaliculatis
1161 4028 1303 4078 5—-6
1341 4044 1468 4081 mm.
1510 4024 1677 4098 longis
1715 4035 1970 4094 sustenta,
2010 4028 2391 4104 ovato-oblonga
2427 4034 2509 4089 vel

375 4112 947 4180 ovato-sublanceolata‚
986 4133 1089 4168 non
1125 4112 1357 4168 multum
1397 4114 1785 4188 inaequilatera,
1833 4115 1941 4169 basi
1979 4117 2173 4191 aequali
2207 4129 2300 4173 aut
2331 4119 2510 4178 leviter

375 4200 630 4276 inaequali
657 4201 931 4256 rotundata
961 4200 1041 4255 vel
1068 4201 1414 4269 acutiuscula,
1445 4201 1584 4276 apice
1611 4201 1762 4275 longe
1788 4213 1843 4257 et
1866 4203 2164 4280 suboblique
2186 4208 2505 4281 acuminata,

367 4290 605 4345 acumine
639 4289 982 4345 obtusiusculo
1018 4301 1343 4359 mucronato,
1379 4308 1620 4345 mucrone
1653 4291 1860 4346 demum
1876 4291 2333 4366 ‘subdelitoecentz
2371 4318 2509 4354 mar-

374 4377 579 4450 ginibus
617 4378 675 4433 in
713 4377 841 4434 sicco
877 4377 1138 4436 undulatis
1175 4377 1358 4454 plana,
1405 4382 1623 4436 12-14
1663 4388 1797 4437 cent.
1831 4378 2008 4454 longa,
2053 4384 2234 4450 ἰδὲ-5
2268 4382 2390 4443 lata.
2462 4394 2505 4447 Ε

2055 4475 2106 4512 ss
2121 4483 2152 4513 n·
