3153 5134
1635 327 1767 393 330

631 534 887 585 Amenta
915 547 1068 584 masc.
1102 528 1157 582 in
1186 526 1403 582 ramulis
1429 526 1678 601 supremis
1709 525 2077 600 oppositit'olia‚
2108 526 2484 600 pedunculis
2516 530 2761 587 tenuibus

629 622 800 689 3-—13
847 628 978 672 cent.
1009 616 1174 690 longis
1203 624 1427 671 sustenta
1442 655 1459 683 ‚
1496 614 1762 670 filiformia
1788 615 2011 689 pendula
2024 654 2042 683 ‚
2073 615 2129 670 in
2158 616 2287 670 sicco
2315 617 2489 686 fusca,
2523 619 2759 675 florentia

622 710 947 763 8-14-18
991 714 1125 760 cent.
1171 704 1351 778 longa,
1396 703 1655 779 juvenilia
1684 702 1900 758 bracteis
1927 702 2214 758 imbricatis
2245 712 2393 757 tecta.
2470 710 2761 763 Bracteae

620 795 921 850 florentium
969 794 1249 860 coriaceae‚
1299 793 1535 867 glabrae,
1589 792 1862 865 oblongae,
1903 792 2042 865 apice
2087 801 2308 866 utroque
2339 794 2582 863 obtusae,
2616 796 2762 871 longe

621 882 939 937 decurrentes
980 892 1034 936 et
1075 900 1165 955 per
1203 890 1365 934 totam
1395 879 1496 934 fere
1529 880 1907 955 longitudinem
1938 879 2120 935 affixae
2135 918 2153 948 ‚
2189 882 2509 955 marginibus
2536 883 2760 953 liberae,

620 969 785 1043 iisque
825 968 1078 1042 imprimis
1122 967 1262 1041 apice
1303 977 1357 1021 et
1399 967 1508 1021 basi
1544 968 2028 1041 luteo-marginatae
2055 978 2108 1023 et
2138 968 2389 1038 elevatae,
2424 971 2759 1045 persistentes.

619 1059 759 1114 Flos
789 1056 1026 1157 singulus
1051 1075 1083 1112 a
1111 1055 1311 1109 bractea
1341 1074 1433 1109 sua
1466 1065 1519 1109 et
1547 1057 1890 1156 suprapositae
1911 1055 2022 1111 basi
2046 1066 2099 1110 et
2122 1056 2417 1113 lateralium
2437 1061 2762 1134 marginibus

620 1144 819 1200 cinctus
861 1155 915 1199 et
956 1145 1026 1200 sic
1053 1144 1244 1199 alveolo
1270 1143 1623 1218 quadrilobo
1606 1145 1843 1212 innixus,
1878 1145 1973 1218 qui
2004 1154 2123 1200 ante
2153 1146 2522 1203 florescentium
2551 1169 2582 1203 a
2609 1150 2756 1204 brac-

617 1244 730 1289 teae
770 1235 852 1289 sui
897 1234 1055 1308 ipsius
1099 1233 1239 1307 apice
1282 1232 1557 1288 clauditur.
1668 1233 1788 1288 Pili
1836 1234 2036 1289 floccosi
2084 1235 2141 1289 in
2190 1236 2393 1292 alveolo.
2468 1237 2754 1293 Stamina

618 1320 725 1378 duo
765 1322 1021 1389 lateralia,
1075 1331 1294 1390 exserta,
1347 1320 1700 1375 filamentis
1746 1324 1918 1377 crassis
1967 1322 2205 1391 elevatis,
2255 1325 2445 1397 quibus
2484 1325 2624 1398 apice
2654 1344 2753 1380 an·

618 1409 817 1489 thera·
848 1409 1133 1464 reuiformis
1169 1409 1442 1483 ¹affigitur3
1495 1409 1657 1463 loculi
1717 1410 1922 1484 oblongi
1979 1412 2185 1486 oblique
2236 1413 2500 1469 filamento
2541 1414 2717 1469 inserti
2732 1453 2752 1483 ‚

620 1498 828 1554 omniuo
857 1508 921 1553 ut
951 1497 1006 1552 in
1042 1498 1255 1571 Pipere
1281 1498 1457 1571 nigro
1489 1500 1607 1570 (sec.
1642 1517 1715 1571 sp.
1749 1499 1899 1556 Herb.
1929 1502 2002 1553 De
2029 1503 2183 1571 Less.)

705 1697 799 1761 17.
880 1702 1116 1771 Piper
1152 1699 1795 1772 argyrophyllum.
1883 1677 2175 1758 Glabrum
2192 1745 2209 1774 ,
2245 1697 2404 1758 foliis
2446 1699 2745 1781 (superio-

621 1799 818 1882 ribus)
867 1800 1338 1861 membranaceis
1387 1798 1901 1879 subepunctulatis
1916 1846 1934 1875 ‚
1995 1801 2203 1860 subtus
2237 1800 2423 1861 dense
2467 1802 2746 1865 albo-ma-

618 1904 870 1979 culosis,
925 1922 1106 1981 supra
1142 1904 1298 1963 laete
1328 1902 1626 1962 viridibus
1659 1903 1891 1982 opacis,
1932 1904 2180 1982 oblique
2211 1904 2748 1983 elliptico-lanceo-

614 2008 772 2085 latis‚
804 2006 1292 2086 lanceolatisque‚
1325 2007 2029 2082 attenuato-acuminatis,
2054 2007 2177 2067 basi
2204 2008 2557 2087 subaequali
2573 2018 2747 2072 acute

616 2110 718 2171 vel
769 2109 1075 2171 cuneatim
1129 2110 1485 2185 attenuatis,
1543 2109 1828 2188 septupli·
1877 2110 2125 2168 summis
2174 2110 2745 2190 quintuplinerviis‚

617 2212 820 2275 nervis
851 2212 1198 2272 lateralibus
1231 2211 1308 2272 ad
1343 2212 1578 2291 apicem
1610 2212 1777 2272 haud
1810 2211 2147 2291 perductis,
2182 2214 2438 2272 amentis
2468 2214 2745 2276 femineis

616 2314 1071 2396 pedunculatis‚
1121 2314 1471 2394 pedunculo
1518 2314 1743 2393 petiole
1791 2314 2066 2374 breviore
2083 2360 2101 2390 ‚
2183 2315 2362 2375 atulis
2395 2317 2611 2377 folium
2645 2320 2748 2379 vix

616 2419 1013 2499 aequantibus
1027 2464 1047 2495 ,
1105 2418 1363 2479 bracteis
1415 2418 1689 2497 oblongis
1739 2438 1918 2498 supra
1951 2419 2174 2494 glabris
2189 2466 2207 2496 ,
2248 2420 2459 2480 subtus
2490 2420 2749 2482 hirtellis

616 2530 680 2584 et
732 2522 1063 2584 subciliatis
1080 2569 1099 2600 ‚
1157 2522 1362 2584 ovario
1413 2523 1685 2601 elliptico
1741 2522 1951 2601 glabro
1967 2569 1986 2599 ‚
2039 2522 2412 2602 stigmatibus
2463 2523 2653 2600 3-4‚
2711 2545 2749 2586 e

614 2626 743 2687 basi
794 2628 915 2687 lata
964 2627 1310 2687 lanceolatis
1342 2626 1975 2687 revoluto-recurvatis
2006 2628 2472 2706 pubescentibus
2490 2674 2509 2704 ‚
2549 2628 2748 2689 baccis

617 2730 807 2791 ovatis
870 2731 1244 2809 stigmatibus
1298 2750 1410 2808 pro
1455 2738 1627 2809 parte
1679 2730 2136 2808 persistentibus
2189 2733 2709 2793 brevi-rostellatis
2724 2778 2745 2808 ,

612 2833 785 2895 siccis
814 2835 1137 2911 aterrimis‚
1164 2834 1395 2894 semine
1431 2833 1748 2910 conformi,
1779 2841 1926 2894 testa
1958 2843 2108 2895 atro·
2111 2835 2271 2896 fusca
2292 2836 2483 2896 nitida
2510 2855 2741 2914 rugosa.

697 2937 994 2998 Habitat
1050 2937 1117 2998 in
1168 2936 1346 2998 India
1381 2936 1661 3039 orientali
1693 2936 2022 3018 (Wallich!
2068 2959 2129 3000 n.
2169 2939 2327 3001 6642
2364 2940 2425 3001 F.
2458 2960 2532 3000 ex
2567 2940 2740 3001 Herb.

614 3038 872 3120 Wight.)

684 3184 887 3258 Piperi
916 3185 1327 3260 Cumingiano
1371 3187 1744 3260 quodammodo
1772 3186 1975 3254 simile,
2007 3189 2091 3242 sed
2111 3187 2246 3243 foliis
2285 3189 2393 3245 basi
2422 3188 2646 3244 scutatis
2668 3205 2747 3245 eo-

614 3292 838 3348 rumque
896 3273 1060 3328 nervis
1121 3273 1299 3328 statim
1353 3274 1761 3349 dignoscendum.
1852 3274 2108 3328 Ramuli
2156 3277 2499 3343 teretiusculi‚
2549 3276 2742 3348 striati,

613 3362 916 3428 laevissimi,
950 3361 1163 3417 nitiduli
1190 3363 1387 3437 glabri,
1426 3363 1635 3418 flexuosi
1654 3403 1670 3430 ‚
1706 3361 2001 3416 internodiis
2032 3366 2178 3419 3-6
2208 3375 2340 3419 cent.
2375 3365 2562 3438 longis3
2600 3366 2749 3422 nodis

614 3449 913 3526 marginatis
940 3450 1385 3525 ruginem-opacis.
1458 3450 1634 3504 Folia
1677 3449 2057 3504 membranacea
2072 3493 2088 3521 ,
2143 3452 2477 3524 epunctulata
2491 3492 2508 3520 ‚
2536 3453 2751 3528 juniora

613 3540 698 3595 hic
746 3538 856 3593 illic
899 3538 1376 3612 punctuliformiter
1423 3538 1735 3592 translucida
1756 3578 1773 3606 ‚
1825 3538 2071 3613 utrinque
2122 3540 2297 3614 glabra
2310 3580 2327 3608 ‚
2363 3560 2518 3616 supra
2561 3561 2713 3618 opaca
2727 3586 2744 3614 ,

610 3629 797 3686 subtus
840 3628 1060 3683 maculis
1106 3626 1596 3703 punctuliformibus
1640 3627 2227 3702 argenteo-subnitidulis
2270 3648 2531 3705 conspersa
2547 3672 2564 3700 ‚
2610 3633 2751 3688 unde

614 3718 775 3773 totius
819 3715 921 3771 fere
963 3716 1175 3790 paginae
1223 3714 1512 3788 superficies
1556 3714 2053 3783 nitidula-albicans,
2105 3716 2634 3791 elliptico-lanceolata
2667 3720 2749 3775 vel

616 3805 897 3862 lanceolata
912 3844 930 3872 ‚
978 3802 1346 3877 inaequilatcra
1363 3841 1381 3870 ‚
1430 3802 1540 3858 basi
1594 3803 1894 3878 subaequali
1954 3807 2210 3860 cuneatim
2254 3818 2525 3882 angustata
2539 3848 2557 3878 ,
2611 3810 2750 3884 apice

616 3904 885 3953 attenuato
928 3892 1134 3966 oblique
1178 3891 1474 3946 acuminata
1524 3892 1761 3946 acumine
1806 3893 2100 3949 tenuissime
2155 3897 2478 3967 acutissimo,
2531 3903 2750 3955 10—18

618 3993 748 4040 cent.
803 3983 980 4056 longa,
1032 3984 1248 4049 23—4}
1279 3978 1417 4048 lata,
1452 3980 1699 4055 septupli·
1729 3980 1810 4035 vel
1842 3981 2316 4056 quintuplinervia,
2351 3987 2517 4043 nervis
2543 3988 2600 4043 in
2631 3987 2753 4043 uni-

618 4091 819 4129 versum
859 4067 1136 4139 tenuibus,
1189 4072 1228 4124 8
1277 4067 1458 4123 mediis
1499 4069 1677 4142 paullo
1723 4087 1875 4143 supra
1921 4070 2097 4140 basin,
2147 4073 2356 4149 reliquis
2402 4095 2430 4131 e
2456 4076 2563 4132 basi
2593 4076 2751 4146 ortis,

619 4161 786 4217 medio
829 4166 1181 4234 percurrente,
1222 4161 1257 4213 2
1286 4155 1467 4212 mediis
1490 4156 1855 4231 propemodum
1885 4158 1948 4213 ad
1978 4159 2172 4233 apicem
2198 4162 2543 4235 continuatis,
2582 4165 2752 4220 omni-

621 4250 721 4306 bus
745 4247 1036 4305 tenuissime
1049 4243 1149 4301 fere
1174 4244 1390 4301 obsolete
1415 4244 1732 4299 reticulatim
1761 4245 2282 4317 anastomosantibus‚
2318 4207 2544 4322 petioli
2573 4260 2751 4304 tenues

625 4338 791 4395 antice
820 4334 1143 4394 canaliculati
1171 4337 1383 4401 14-2}
1411 4342 1542 4389 cent.
1572 4332 1727 4407 longi.
1780 4332 2030 4408 stipula
2051 4334 2479 4410 oppositil'olia
2504 4336 2744 4406 decidua,
