3153 5134
1376 353 1501 421 145

302 595 311 606 ,
354 546 699 603 obtusiusculo
723 546 798 601 vel
821 556 998 614 acuto,
1016 549 1330 647 marginibus
1354 553 1609 620 revoluta,
1634 556 1878 629 utrinque
1898 557 2048 621 dense
2060 561 2409 634 pubescentia,
2425 573 2495 633 1}

351 645 486 691 cent.
503 635 649 710 longa
664 644 715 690 et
741 635 844 705 fere
872 635 1002 702 lata,
1037 636 1294 709 superiora
1323 637 1626 694 distantiora
1658 643 1852 716 majora
1886 646 2187 722 plerumque
2205 650 2502 709 brevissime

352 721 652 792 pedicellata
700 721 1203 789 obovato—rhombea‚
1246 722 1351 778 basi
1380 738 1597 781 cuneata
1625 730 1703 783 vel
1735 742 1912 800 acuta,
1944 734 2085 806 apice
2118 740 2396 794 rotundata
2423 742 2502 795 vel

351 810 528 881 paullo
558 818 814 908 protracto
844 808 1024 864 obtusa
1051 829 1164 866 raro
1187 812 1506 869 acutiuscula
1533 819 1716 882 2—23
1742 829 1873 874 cent.
1903 821 2082 894 longa,
2120 830 2339 903 15—132
2369 828 2502 895 lata,

353 897 602 971 utrinque
641 897 877 971 inprimis
917 898 1100 953 subtus
1128 898 1199 954 in
1243 901 1408 955 nervis
1437 902 1783 974 pubescentia,
1824 920 1975 982 supra
2004 911 2217 968 demum
2254 916 2502 990 glabrata,

353 990 614 1040 Amenta
657 985 884 1040 axillaria
930 995 981 1040 et
1016 987 1330 1055 terminalia,
1370 1007 1429 1043 ex
1471 990 1644 1046 axillis
1689 991 1931 1049 soliorum
1964 998 2045 1052 vel
2082 1019 2233 1072 supra
2282 1003 2505 1058 ramulos

351 1093 553 1149 cymosc
580 1074 826 1139 conferta,
855 1073 961 1130 basi
990 1074 1158 1130 foliis
1187 1076 1531 1131 floralibus
1553 1068 2026 1139 bracteaeformibus
2051 1088 2307 1145 sessilibus
2326 1091 2501 1145 oblon-

355 1163 432 1234 gis
469 1161 707 1234 ellipticis
741 1161 949 1235 stipata,
983 1162 1264 1217 subsessilia
1292 1174 1386 1218 aut
1415 1165 1781 1236 pedunculis
1809 1189 2033 1243 appresso
2065 1175 2288 1233 birtellis
2318 1179 2503 1233 brevis-

351 1249 491 1303 simis
518 1259 768 1316 sustenta,
801 1249 1261 1321 tetragono-teretia
1285 1249 1546 1305 fililbrmia
1575 1264 1713 1308 recta
1736 1257 1814 1309 vel
1844 1257 2021 1314 leviter
2050 1273 2284 1330 curvata,
2324 1269 2503 1331 ξ-Ῑῑ

351 1347 485 1391 cent.
526 1335 698 1408 longag,
741 1335 969 1390 nondum
997 1335 1247 1390 florentia.
1321 1340 1614 1393 Bracteae
1645 1341 1943 1398 imbricatae
1973 1346 2107 1402 infra
2138 1351 2368 1411 medium
2399 1351 2502 1424 pel-

349 1423 506 1477 tatim
553 1423 739 1478 sessiles
756 1462 775 1488 ,
827 1423 965 1494 apice
1007 1422 1211 1493 patulae
1255 1424 1573 1497 marginibus
1621 1429 2129 1508 griseo-marginatae
2204 1439 2497 1516 ovassium

349 1511 486 1585 apice
506 1508 904 1586 stigmatit'erum
933 1510 1051 1579 (sec.
1081 1526 1156 1582 sp.
1183 1508 1298 1579 cit.)

432 1693 572 1754 118.
652 1696 1106 1766 Peperomla
1138 1694 1714 1756 Klotzsehlana.
1781 1699 1989 1761 Erecta
2023 1704 2372 1765 succulenta
2399 1707 2487 1765 in·

346 1794 755 1856 cano-hirsuta
776 1838 794 1868 ‚
843 1792 1006 1853 foliis
1055 1793 1430 1854 verticillatis
1471 1799 1971 1874 quaternis-senis
2006 1803 2271 1866 breviter
2304 1809 2490 1887 petio·

349 1897 486 1958 latis
530 1896 922 1971 succulentis,
975 1896 1181 1955 subtus
1216 1898 1739 1976 incano-hirsutis,
1781 1922 1959 1982 snpra
1999 1906 2278 1986 inprimis
2311 1930 2491 1988 supra

305 2008 312 2019 '
351 2019 566 2060 nervos
599 1999 844 2059 hirsutis
875 1999 1090 2057 sensim
1129 1999 1446 2076 glabratis,
1487 2019 1680 2062 crasse
1720 2004 2059 2084 trinerviis‚
2100 2010 2490 2073 inferioribus

351 2101 1014 2180 obovato-spathulatis‚
1043 2102 1214 2181 apice
1242 2101 1579 2163 rotundatis
1605 2106 1700 2165 vel
1730 2112 2045 2187 truncatis,
2075 2116 2488 2192 superioribus

349 2204 1065 2283 lanceolato-spathulatis
1116 2204 1341 2266 obtusis
1394 2206 1493 2265 vel
1545 2209 1964 2288 acutiusculis‚
2005 2218 2259 2276 amentis
2304 2238 2486 2297 supra

355 2308 617 2368 ramulos
653 2307 929 2368 axillares
962 2308 1256 2384 congestis
1289 2327 1524 2388 cymose
1557 2311 1923 2389 umbellatis,
1964 2315 2327 2393 pedunculis
2354 2339 2487 2398 par-

353 2408 598 2469 tialibus
629 2407 1027 2482 brevissimis,
1068 2408 1324 2469 bracteis
1354 2410 1579 2487 glabris
1614 2412 2152 2494 albo-marginatis.

436 2510 737 2572 Habitat
787 2511 851 2570 in
905 2511 1160 2574 Peruvia
1210 2511 1547 2573 subandina
1597 2513 1674 2573 ad
1720 2515 1984 2598 Maynas‚
2040 2519 2107 2582 in
2152 2524 2493 2603 praeruptis

354 2613 647 2694 argillosis
685 2614 1008 2695 (Poeppigl
1054 2614 1117 2672 in
1160 2613 1331 2676 Herb.
1374 2635 1496 2695 reg.
1540 2616 1754 2698 berol.)

423 2758 631 2808 Statura
659 2752 759 2808 fere
789 2757 842 2808 P.
884 2752 1429 2827 inaequalifoliae,
1465 2755 1548 2808 sed
1592 2754 1808 2810 hirsutie
1846 2758 1996 2814 densa
2044 2760 2278 2836 foliisque
2317 2767 2493 2822 crassis

350 2843 485 2897 inter
518 2860 809 2917 congeneres
840 2841 984 2896 valde
1017 2839 1250 2913 insignis
1325 2844 1398 2894 Ca
1410 2840 1532 2896 ulis
1583 2847 1651 2897 35
1700 2852 1833 2899 cent.
1874 2846 2079 2900 circiter
2118 2848 2257 2904 altus
2300 2863 2499 2909 erectus

350 2932 592 3006 simplex,
631 2948 800 2986 versus
833 2930 1027 3004 apicem
1060 2927 1332 2984 ramulos
1365 2928 1598 2984 axillares
1630 2950 1854 2987 exserens
1886 2933 2234 3006 amentiferos‚
2269 2940 2500 2996 teretius-

349 3019 495 3075 culus
526 3038 717 3074 crassus
761 3018 1088 3074 succulentus
1132 3016 1254 3090 pilis
1283 3017 1522 3090 appressis
1555 3018 1720 3091 longis
1751 3020 1991 3077 mollibus
2032 3023 2494 3097 insano-hirsutus,

347 3107 644 3164 internodiis
673 3112 817 3162 2-5
849 3116 981 3163 cent.
1017 3105 1196 3179 longis.
1270 3105 1441 3160 Folia
1474 3107 1800 3176 succulenta,
1834 3108 1888 3162 in
1926 3109 2058 3165 sicco
2097 3113 2316 3169 coriacea
2356 3114 2494 3170 haud

346 3194 897 3268 pellucido-punctam,
926 3211 1078 3267 supra
1103 3191 1395 3248 atroviridia
1425 3212 1576 3267 opaca
1605 3213 1757 3268 supra
1787 3216 1957 3251 nervos
1984 3199 2103 3273 pilis
2130 3200 2307 3278 longis,
2338 3215 2498 3259 caete·

349 3303 470 3338 rum
512 3283 750 3338 brevibus
783 3282 1036 3337 instructa
1067 3281 1354 3354 sensimque
1390 3280 1643 3354 glabram,
1685 3281 1865 3338 subtus
1907 3284 2055 3341 dense
2101 3289 2501 3348 incana-tomen·

348 3380 484 3439 tosa,
519 3368 857 3435 verticillata‚
892 3367 1250 3435 erectiuscula‚
1285 3367 1520 3423 inferiora
1550 3379 1820 3444 quaterna,
1856 3374 2107 3447 superiora
2135 3378 2322 3451 quina,
2354 3399 2494 3451 sena,

348 3457 443 3512 illa
479 3457 773 3532 (aliquando
808 3458 1039 3527 recurva)
1076 3454 1302 3509 obovato·
1286 3456 1599 3530 ·spathu1ata
1625 3459 1765 3532 apice
1793 3458 1916 3515 lato·
1923 3463 2198 3519 rotundata
2234 3467 2314 3521 vel
2344 3477 2495 3525 trun·

349 3554 490 3612 cata,
521 3544 629 3600 basi
666 3554 906 3611 cuneata,
942 3546 1159 3609 13--23
1196 3553 1330 3598 cent.
1365 3543 1540 3616 longa,
1576 3550 1757 3614 1—13-
1787 3546 1920 3614 lata,
1954 3552 2217 3626 sequentia
2248 3551 2498 3629 elliptico-

346 3632 664 3706 spathulata‚
695 3638 841 3688 2--3
872 3640 1004 3688 cent.
1026 3630 1202 3702 longa,
1234 3635 1413 3695 1-1ff
1436 3630 1569 3697 lata,
1597 3633 1853 3706 superiora
1876 3635 2495 3712 lanceolam-spathulata,

346 3739 517 3776 versus
559 3720 703 3776 basin
741 3720 886 3775 valde
928 3728 1225 3794 angustata,
1271 3737 1442 3774 versus
1481 3720 1679 3794 apicem
1717 3740 1991 3796 parumper
2027 3735 2313 3796 contracta,
2357 3732 2497 3805 apice

345 3807 526 3864 obtuso
547 3810 628 3865 vel
651 3820 826 3876 acuto,
860 3813 1077 3880 15—2}
1100 3809 1276 3881 longa,
1309 3812 1448 3879 3-1
1481 3807 1618 3874 lata,
1653 3808 1927 3879 trinervia‚
1966 3832 2119 3870 nervo
2148 3816 2315 3872 medio
2341 3837 2501 3878 crasso

347 3907 675 3970 percurrente
705 3897 887 3953 subtus
916 3895 1260 3970 prominente,
1295 3895 1507 3970 reliquis
1527 3914 1800 3971 parumper
1831 3899 2160 3980 tenuioribus⁸
2182 3903 2418 3979 inprimis
2445 3909 2500 3964 in

337 3984 638 4057 junioribus
667 3984 1075 4059 prominentibus
1106 3983 1202 4037 fere
1229 3983 1294 4037 ad
1323 3984 1519 4055 apicem
1547 3984 1733 4040 ductis·
1806 3987 2030 4042 Pctioli
2062 4008 2204 4064 saepe
2229 3992 2333 4046 fere
2362 3994 2498 4050 nulli

345 4070 425 4125 vel
470 4077 631 4134 1-2Ἴ
663 4091 792 4129 mm.
844 4070 984 4144 longi
1033 4069 1222 4123 hirsuti
1268 4088 1387 4123 cum
1416 4069 1612 4125 lamina
1642 4072 1967 4130 confluentes.
2040 4081 2314 4142 Amcnta·
2348 4097 2500 4152 supra

341 4159 566 4218 ramulos
596 4160 830 4216 axillares
858 4156 1190 4215 verticillatos
1223 4157 1393 4211 breves
1437 4170 1695 4231 congesta,
1733 4160 2029 4238 subcymosa
2062 4164 2142 4218 vel
2187 4164 2499 4235 umbellam,

343 4249 520 4315 2-4,
556 4259 729 4305 nostra
760 4248 905 4305 valde
933 4244 1188 4320 juvenilia
1226 4249 1405 4315 ί-1ᾗ
1434 4257 1569 4305 cent.
1598 4249 1749 4322 longa
1779 4259 1943 4305 erecta
1976 4251 2242 4307 filiformia
2262 4255 2498 4326 pedun-

344 4334 510 4392 culis
555 4337 869 4396 brevissimis
896 4335 1001 4393 basi
1032 4332 1248 4390 bracteis
1276 4332 1572 4392 lanceolatis
1611 4335 1994 4393 hirsutiusculis
2032 4339 2251 4411 stipatis.
2324 4347 2436 4401 Bra
2445 4363 2495 4401 c·

2088 4434 2135 4472 ιο
