3153 5134
1654 398 1783 462 338

660 597 995 658 rotundatis
1009 643 1028 673 ‚
1099 598 1225 659 basi
1292 598 1645 679 subaequali
1697 596 1956 658 cordatis
1970 644 1990 674 ,
2047 598 2220 679 apice
2268 599 2780 680 lato-rotundatis,

657 701 1100 761 novemnerviis
1115 747 1133 776 ,
1210 702 1493 781 utrinque
1550 701 1926 780 glaberrimis
1976 709 2081 761 aut
2129 703 2405 782 inprimis
2455 704 2666 766 subtus
2722 706 2787 765 in

660 805 861 863 nervis
893 804 1485 883 anastomosibusque
1523 803 2079 863 tomentoso-hirtis.

741 906 1040 966 Habitat
1103 907 1169 964 in
1222 906 1415 966 insula
1477 905 1891 984 Pulc-Pinang
1939 907 2398 988 (Gaudichaudl
2453 930 2534 968 m.
2583 908 2790 971 Martio

664 1008 822 1070 1837
840 1056 858 1085 ,
916 1010 977 1068 in
1034 1010 1208 1069 Herb.
1257 1009 1343 1070 De
1386 1009 1587 1085 Lesa),
1625 1006 1691 1068 in
1736 1008 2032 1087 Singapur
2075 1009 2387 1090 (Wallichl
2440 1032 2499 1071 n.
2546 1011 2707 1074 6655
2741 1014 2785 1075 Β

656 1132 729 1173 ex
765 1108 980 1192 parte).

724 1235 886 1309 Stirps
927 1234 1110 1289 babitu
1137 1232 1385 1307 singulari
1417 1232 1697 1288 admodum
1726 1232 1976 1307 insignis,
2008 1233 2074 1290 ob
2102 1234 2403 1291 foliorum
2434 1234 2647 1290 formam
2679 1236 2785 1292 huc

651 1323 844 1389 relata3
929 1340 1137 1376 ramus
1216 1340 1442 1384 crassuS,
1493 1320 1740 1386 nodosuS‚
1801 1321 2192 1391 teretiusculus‚
2248 1323 2470 1389 tamtus,
2541 1325 2780 1395 striatas,

652 1410 852 1484 glaber,
908 1409 1202 1463 internodiis
1250 1414 1285 1464 3
1334 1419 1466 1464 cent.
1497 1408 1699 1462 circiter
1724 1407 1889 1482 longis
1921 1408 2110 1482 pallide
2135 1408 2305 1465 fuscis.
2379 1409 2730 1467 Radicellae
2758 1431 2788 1467 e

650 1499 850 1572 singulo
878 1499 1008 1554 nodo
1036 1499 1205 1573 pluroe
1232 1498 1533 1553 ramulosac.
1605 1497 1778 1552 Folia
1814 1496 2032 1563 alterna,
2072 1497 2327 1570 petiolis
2357 1499 2530 1554 classis
2552 1499 2791 1557 brevibus

650 1588 836 1663 glabris
882 1588 959 1641 vel
1003 1607 1115 1642 raro
1162 1587 1430 1661 puberulis
1444 1627 1461 1652 ‚
1516 1586 1684 1640 antice
1730 1584 2084 1640 canaliculatis
2115 1590 2150 1640 6
2185 1604 2313 1641 mm.
2344 1586 2509 1659 longis
2536 1586 2756 1644 suffulta
2769 1629 2789 1658 ‚

652 1695 810 1731 crasse
840 1685 893 1730 et
924 1675 1083 1749 rigide
1113 1675 1354 1735 coriacea,
1392 1674 1585 1728 nullibi
1617 1672 1876 1746 pellucida
1904 1672 2183 1743 (nascentia
2211 1673 2589 1728 membranacea
2616 1675 2787 1748 pellu-

651 1764 1076 1836 cido-punctam),
1123 1762 1425 1828 rotundam,
1477 1781 1595 1816 mox
1636 1760 1744 1814 basi
1790 1778 1906 1814 mox
1937 1760 2077 1834 apice
2102 1759 2314 1829 latiora,
2349 1760 2461 1816 basi
2489 1761 2789 1837 subaequali

649 1851 850 1905 cordata
897 1850 1028 1904 lobis
1085 1849 1600 1922 subconvergentibus
1662 1847 1856 1902 obtusis
1875 1887 1891 1914 .‚
1943 1857 2039 1901 aut
2087 1867 2201 1903 raro
2235 1849 2573 1904 subtruncata
2589 1887 2608 1918 ‚
2641 1850 2783 1923 apice

648 1937 921 1994 rotundato
949 1937 1293 2002 obtusissima,
1330 1936 1431 1990 alia
1464 1941 1571 2006 103
1601 1945 1731 1990 cent.
1766 1934 1917 2008 longa
1947 1934 2175 2010 lataque,
2206 1936 2305 1990 alia
2336 1937 2562 2009 munga,
2600 1937 2785 2007 8lata3

647 2026 998 2081 novemnervia
1025 2037 1120 2080 aut
1150 2025 1632 2098 subseptemnervia‚
1656 2024 1825 2078 tribus
1853 2023 2164 2078 intermediis
2193 2024 2356 2080 nervis
2377 2024 2479 2079 fere
2506 2024 2569 2079 ad
2592 2025 2786 2099 apicem

648 2112 1059 2188 percurrentibus
1075 2154 1091 2177 ,
1144 2113 1443 2168 lateralibus
1487 2112 1798 2168 brevioribus
1813 2150 1831 2179 ‚
1879 2110 2072 2165 infimis
2118 2111 2460 2168 subtilissimis
2475 2155 2491 2183 ‚
2545 2114 2781 2169 omnibus

636 2200 817 2256 subtus
843 2197 1016 2265 valde,
1055 2218 1208 2272 supra
1242 2200 1416 2254 minus
1428 2200 1862 2273 prominentibus,
1879 2199 2280 2254 anastomosibus
2298 2200 2476 2256 validis
2493 2202 2781 2257 transversis

645 2288 942 2345 reticulatis.
1016 2287 1256 2361 Margines
1301 2287 1417 2362 plus
1462 2289 1696 2343 minusve
1722 2286 1957 2343 revoluti.
2031 2292 2091 2341 ln
2123 2286 2272 2353 aliis,
2305 2297 2357 2341 et
2386 2288 2507 2362 ipsis
2537 2289 2782 2344 nascenti·

642 2377 765 2442 bus,
797 2376 980 2450 pagina
1009 2384 1226 2448 utraque
1257 2375 1560 2449 glaberrima
1593 2374 1744 2429 laevis
1774 2372 1959 2441 nitida,
1996 2374 2051 2427 in
2080 2373 2195 2428 aliis
2223 2375 2443 2448 superior
2467 2376 2783 2433 verruculosa

645 2474 698 2519 et
726 2462 930 2518 inferior
954 2462 1009 2517 in
1040 2463 1199 2516 nervis
1226 2462 2030 2538 etretegriseo-hirto-tomentosa.
2062 2460 2311 2534 stipula
2346 2461 2776 2538 oppositifolia

644 2554 923 2610 lanceolata
970 2551 1335 2607 subconvoluta
1381 2552 1596 2607 coriacea
1613 2591 1630 2620 ‚
1663 2549 1841 2625 glabra
1872 2559 1961 2604 aut
1991 2548 2340 2624 subpuberula
2366 2557 2436 2629 13
2466 2563 2598 2610 cent.
2628 2552 2777 2628 longa

646 2648 764 2715 (sec.
810 2663 883 2715 sp.
930 2640 1077 2696 Herb.
1112 2644 1181 2694 Dc
1211 2643 1364 2713 Less.)
1401 2674 1470 2682 —
1506 2645 1591 2714 Sp.
1631 2639 1804 2696 Herb.
1835 2637 2243 2695 Wallichiani
2273 2659 2303 2695 a
2329 2640 2578 2717 descripto
2607 2641 2783 2698 differt

650 2731 784 2786 foliis
811 2750 963 2804 supra
991 2729 1147 2783 etiam
1181 2727 1362 2801 pilosis.

724 2827 866 2876 Anne
901 2820 993 2874 hoc
1021 2828 1073 2872 et
1105 2821 1156 2870 P.
1196 2815 1418 2871 manill
1435 2834 1619 2872 anum
1666 2816 1730 2871 ad
1778 2834 1937 2871 unam
1979 2815 2194 2890 speciem
2241 2815 2524 2887 retinenda,
2571 2818 2781 2876 stolones

646 2909 825 2965 saltem
853 2907 1016 2962 variae
1041 2904 1338 2960 evolationis
1363 2903 1632 2959 habenda?

732 3086 830 3147 31.
909 3091 1145 3160 Piper
1199 3101 1535 3145 crassum
1592 3082 1841 3142 Blume!
1875 3083 1944 3140 in
1983 3083 2044 3142 V
2037 3082 2151 3142 erla.
2184 3081 2398 3145 Βαίου.
2438 3086 2776 3148 Genooteoh.

662 3190 820 3249 Tom.
857 3189 912 3249 I.
957 3210 1018 3268 p.
1061 3187 1196 3247 189.
1277 3188 1492 3247 Enum.
1519 3186 1609 3267 pl.
1644 3187 1838 3246 Javae
1857 3187 2024 3265 fasc.
2060 3186 2115 3246 I.
2146 3207 2206 3265 p.
2244 3185 2343 3248 68.
2426 3188 2607 3249 Caule
2643 3189 2775 3250 suf-

647 3292 934 3353 fruticoso
952 3338 970 3368 ,
1026 3291 1233 3350 striato
1253 3336 1270 3365 ,
1328 3297 1581 3369 repente
1598 3336 1616 3365 ,
1672 3288 1831 3349 foliis
1883 3288 2061 3367 longe
2111 3291 2409 3369 petiolatis
2423 3337 2441 3367 ‚
2492 3293 2776 3353 coriaceis

650 3395 873 3474 glabris
922 3394 1109 3454 ovatis
1161 3392 1658 3472 subaequilateris
1688 3391 2078 3469 acuminatis,
2119 3393 2247 3453 basi
2281 3395 2617 3456 rotundatis
2647 3415 2772 3476 sep·

649 3507 805 3559 tem·
841 3498 936 3556 vel
970 3495 1546 3557 subnovemnerviis.

713 3625 866 3676 lcon.
905 3620 1086 3673 Blume
1111 3620 1150 3676 l.
1182 3639 1228 3674 c.
1260 3619 1351 3693 fig.
1381 3625 1451 3675 15
1485 3619 1738 3691 (folium.)

732 3738 1022 3798 Habitat
1072 3738 1149 3798 ad
1204 3738 1436 3799 radices
1485 3738 1706 3798 montis
1740 3738 1915 3798 Salak
1950 3739 2016 3797 in
2048 3738 2245 3798 insula
2282 3737 2462 3815 Java,
2505 3739 2582 3800 ad
2616 3740 2776 3818 ripas

654 3842 957 3903 umbrosas
991 3849 1250 3920 petrosae
1282 3841 1551 3901 fluminis
1584 3840 1798 3919 Tjapus
1828 3841 2096 3923 (Blumel
2138 3841 2181 3903 l.
2213 3841 2296 3922 c.)

713 3962 929 4021 Caules
974 3982 1128 4035 supra
1173 3981 1323 4036 rupes
1371 3970 1628 4035 repentes,
1666 3962 1889 4035 digitum
1920 3963 2002 4018 vix
2028 3963 2209 4035 crassi,
2249 3963 2502 4038 compagis
2531 3964 2773 4033 fibrosae,

640 4056 785 4110 intus
812 4050 1083 4106 medullosi
1101 4090 1116 4117 ‚
1150 4061 1294 4105 extus
1325 4049 1531 4105 olivacei
1552 4092 1570 4119 ,
1609 4049 1754 4104 valde
1789 4050 1989 4119 striati,
2031 4051 2232 4119 nodosi,
2274 4049 2338 4104 ad
2369 4051 2520 4107 nodos
2545 4052 2770 4107 radican-

637 4154 743 4210 tes;
794 4138 1088 4195 internodiis
1131 4142 1341 4193 10—15
1390 4148 1520 4194 cent.
1566 4136 1748 4210 longis.
1836 4138 2006 4192 Folia
2053 4157 2212 4193 crasse
2262 4137 2512 4209 coriacea‚
2567 4140 2773 4213 glabra,

637 4243 783 4289 ovata
800 4272 816 4300 ,
871 4228 1275 4302 subaequilatera
1289 4268 1305 4294 ,
1361 4225 1467 4281 basi
1510 4225 1713 4300 aequali
1748 4226 2059 4294 rotundata,
2091 4226 2240 4299 ‘apice
2269 4224 2418 4300 longe
2448 4228 2743 4281 acuminata
2757 4266 2777 4296 ‚

638 4326 708 4376 22
757 4329 890 4375 cent.
933 4317 1112 4389 longa,
1172 4319 1240 4369 14
1287 4315 1423 4380 lata,
1475 4313 1727 4388 petiolis
1772 4313 1937 4368 antice
1962 4313 2311 4369 canaliculatis
2342 4319 2415 4389 6}
2446 4324 2576 4368 cent.
2608 4314 2776 4389 longis

634 4414 862 4463 sustenta
879 4444 897 4476 ,
944 4412 1154 4478 septem·
1201 4401 1281 4457 vel
1327 4400 1552 4458 nervuh‘s
1602 4399 1910 4458 tenuissimis
1952 4400 2259 4469 hasilaribus
2287 4402 2743 4463 subnovemnervia
2758 4445 2779 4476 ,
