3153 5134
1422 378 1560 438 *131

419 571 871 646 oblongo-obovata
895 571 974 625 vel
997 569 1387 645 subspathulata
1413 554 1551 643 apice
1578 570 1878 636 rotundata,
1910 569 2016 625 basi
2043 580 2256 626 cuneata
2279 570 2358 624 vel
2387 579 2538 626 acuta
2553 610 2570 640 ,

418 659 634 714 obsolcte
656 660 895 714 trinervia
908 698 925 727 ‚
958 658 1233 734 aliquando
1255 658 1478 714 nervulis
1496 660 1562 714 ad
1585 659 1729 714 basin
1749 660 2026 715 accessoriis
2049 659 2568 736 subquinquenervia‚

420 747 585 801 nervis
613 766 642 801 e
667 747 804 802 fibra
845 748 1063 822 simplici
1104 747 1333 803 ibrmatis
1374 746 1495 801 binc
1537 749 1596 805 in
1638 748 1750 802 vivo
1791 749 1997 805 omnino
2039 747 2291 815 obsoletis,
2337 749 2569 822 margine

420 835 932 903 nervoso-incrassato,
971 835 1155 889 ultimo
1180 834 1388 909 hyalino
1418 844 1471 889 et
1496 834 1767 910 aliquando
1797 834 1912 910 pilis
1936 836 2062 891 raris
2090 836 2397 893 brevissimis
2428 836 2565 893 cilio·

417 923 552 992 lato,
596 928 788 997 majora
823 923 1065 995 33¹5—fere
1093 929 1127 979 4
1161 933 1295 979 cent.
1335 922 1507 997 longa,
1546 929 1766 980 16-20
1796 942 1924 979 mm.
1956 924 2092 991 lata,
2127 925 2327 980 minora
2358 929 2393 979 2
2424 936 2559 981 cent.

421 1009 604 1084 longa,
634 1021 689 1065 et
721 1018 751 1067 1
784 1012 893 1067 lata
918 1020 1013 1066 aut
1044 1011 1349 1084 angustiora.
1422 1018 1683 1066 Amenta
1717 1029 1746 1064 e
1778 1010 2018 1066 foliorum
2047 1030 2370 1069 summorum
2399 1013 2567 1068 axillis

356 1134 361 1139 -
419 1099 650 1154 axium-ia
677 1109 772 1155 aut
802 1100 1093 1159 terminalia
1123 1109 1314 1166 erecta,
1349 1097 1722 1170 pedunculis
1764 1097 2007 1153 teretibus
2049 1099 2383 1155 crassiusculis
2419 1105 2565 1156 3-4

422 1196 554 1241 cent.
599 1187 766 1261 longis
804 1196 1032 1243 sustenta
1050 1226 1066 1253 ‚
1115 1185 1394 1261 cylindrica
1435 1185 1669 1241 subrecta
1714 1186 1892 1241 obtusa
1908 1224 1926 1254 ‚
1970 1187 2026 1241 in
2056 1186 2186 1242 sicco
2223 1191 2406 1258 2--23
2436 1206 2565 1243 mm.

419 1293 605 1343 crassa,
660 1276 898 1351 adspectu
941 1273 1247 1342 atro-tusca,
1297 1273 1444 1329 initio
1472 1274 1813 1330 florescentiae
1842 1280 1985 1330 3-4
2015 1275 2120 1331 imo
2155 1283 2189 1332 5
2232 1287 2366 1333 cent.
2395 1276 2563 1350 longa.

418 1366 708 1419 Bracteae
730 1364 1001 1438 virginales
1025 1362 1351 1429 imbricatae,
1387 1361 1620 1418 florentes
1648 1363 1928 1418 remotiores
1958 1373 2014 1417 et
2042 1363 2259 1419 rhachin
2289 1363 2566 1431 nudantes,

415 1451 631 1519 sessiles,
665 1451 1202 1526 oblongo-rotundatae
1230 1449 1434 1523 glabrae
1456 1452 1687 1523 margine
1710 1461 1926 1525 angusto
1952 1449 2198 1523 pallidae,
2233 1451 2566 1525 persistentes.

417 1539 693 1593 Stamina
722 1537 823 1592 duo
851 1536 1109 1604 lateralia3
1157 1536 1451 1591 antherae
1480 1535 1804 1609 subglobosae
1829 1536 2128 1592 biloculares
2157 1535 2346 1594 fuscae.
2419 1542 2562 1593 Ova·

413 1627 583 1680 rium
611 1625 970 1698 subglobosum
993 1624 1135 1698 apice
1164 1625 1395 1697 stigma
1424 1624 1735 1697 puberulum
1765 1643 1961 1697 gerens,
1990 1624 2398 1681 subimmersum.
2472 1629 2567 1679 Re·

414 1710 560 1786 liqua
590 1711 655 1765 ob
684 1721 888 1766 amenta
917 1711 1163 1784 pressione
1192 1711 1348 1767 nimis
1378 1712 1510 1767 laesa
1543 1712 1863 1786 ignorantur.
1914 1716 2034 1785 (see.
2066 1731 2140 1785 sp.
2174 1712 2417 1783 Heraud.)

489 1799 774 1871 specimina
817 1797 1169 1854 Sieberiana
1216 1798 1353 1854 foliis
1394 1799 1675 1874 majoribus
1721 1802 1819 1871 (δὲ
1846 1809 1981 1854 cent.
2017 1798 2202 1872 longis)
2243 1799 2438 1855 diversa
2464 1799 2570 1856 buc

414 1896 594 1941 tamen
634 1885 907 1941 referenda.
979 1887 1172 1960 Species
1206 1905 1337 1960 quae
1375 1886 1471 1942 sub
1507 1907 1561 1943 n.
1602 1892 1727 1944 165.
1759 1891 1813 1943 P.
1845 1887 2161 1943 trifolium
2197 1888 2353 1945 etiam
2396 1888 2564 1957 dicta,

418 1973 785 2029 verisimillime
819 1973 921 2027 huc
955 1992 1156 2048 quoque
1189 1974 1426 2046 pertinet.

490 2066 534 2115 Α
566 2060 880 2134 praecedenti
912 2059 1070 2133 specie
1095 2060 1328 2134 inprimis
1360 2059 1602 2116 foliorum
1640 2060 1800 2118 forma
1834 2081 1893 2118 ac
1924 2081 2164 2138 compage
2203 2061 2404 2133 differt3
2440 2063 2564 2119 alio-

419 2148 549 2223 quin
582 2148 761 2204 ambae
795 2147 941 2203 valde
975 2156 1233 2222 cognatae.

504 2325 604 2387 97.
684 2330 1135 2401 repen-omia
1177 2330 1686 2400 serpylnroua
1736 2325 1814 2385 A.
1852 2326 2046 2387 Dietr.
2094 2327 2260 2407 Spec.
2309 2328 2468 2387 Tom.
2507 2327 2563 2387 I.

424 2429 616 2508 Piper
630 2430 689 2489 V
683 2429 797 2488 ahl.
827 2430 900 2489 P.
914 2428 1491 2508 nummulan‘solium
1508 2429 1680 2489 Lam.
1695 2426 1771 2488 P.
1782 2416 2276 2490 nummularium?
2292 2430 2475 2512 ejusd.
2494 2429 2563 2509 ¹).

424 2532 501 2593 P.
519 2514 896 2614 perlucidum
923 2543 980 2592 et
1003 2532 1262 2612 Piperea
1293 2532 1658 2613 serpilifolia
1698 2530 2022 2611 Anonym..'
2067 2531 2172 2615 (an
2203 2534 2264 2594 V
2257 2530 2473 2613 emen.)
2492 2533 2563 2590 in

422 2635 598 2695 Herb.
634 2635 728 2696 De
760 2636 919 2696 Less-
1002 2634 1363 2695 Succulenta
1407 2621 1605 2713 sparse
1640 2634 1827 2713 pilosa
1858 2654 2108 2714 repens,
2152 2655 2304 2715 vage
2351 2634 2560 2696 dicho·

424 2747 589 2799 tome
638 2757 868 2799 ramosa
910 2737 1241 2812 filiformis,
1296 2737 1456 2797 foliis
1491 2736 1773 2815 oppositis
1812 2737 1909 2797 vel
1959 2736 2180 2797 infimis
2230 2736 2557 2817 aliquando

343 2874 346 2877 ⁴
423 2841 672 2903 alteruis
704 2840 1084 2921 longiuscule
1118 2840 1417 2920 petiolatis
1444 2838 1669 2919 patulis
1699 2837 2087 2900 subrotnndis
2120 2840 2218 2901 vel
2247 2839 2561 2921 ellipticis,

418 2944 591 3006 siccis
640 2943 963 3027 pellucidis
1010 2944 1176 3005 susce
1227 2941 1624 3023 glandulosis,
1670 2942 2021 3024 junioribus
2067 2943 2433 3023 plerumque
2486 2944 2566 3005 ad

423 3048 656 3129 apicem
680 3066 877 3127 sparse
903 3045 1151 3122 ciliatis,
1184 3045 1447 3107 obsoleto
1484 3044 1819 3122 trinerviis,
1856 3045 2112 3106 amentis
2144 3045 2563 3107 terminalibus

418 3149 847 3230 pedunculatis
859 3195 877 3226 ‚
916 3148 1294 3228 pedunculos
1331 3147 1660 3228 puberulos
1711 3149 1953 3210 circiter
2004 3148 2403 3229 aequantibus
2440 3149 2565 3209 fili-

420 3250 713 3315 formibus
749 3252 1035 3313 brevibus
1075 3251 1569 3313 subremotifloris
1588 3297 1605 3327 ,
1645 3250 1846 3314 baccis
1885 3251 2291 3312 subimmersis
2329 3250 2538 3315 ovatis.

496 3351 803 3417 Habitat
833 3357 899 3417 in
927 3355 1121 3417 insula
1149 3355 1410 3416 Mauritii
1436 3354 1653 3438 (Lam,
1681 3351 1945 3416 Heraud!
1983 3355 2049 3415 in
2075 3351 2253 3415 Herb.
2271 3352 2357 3414 De
2373 3352 2554 3436 Less.)

490 3479 689 3538 Habitu
718 3482 1224 3556 Acrocarpidium
1264 3478 1876 3538 nummularifolium
1901 3478 2004 3534 fere
2031 3478 2347 3548 aemulatur,
2372 3477 2560 3538 etcum

418 3565 593 3628 baccas
636 3577 867 3628 maturas
897 3588 1002 3625 non
1042 3568 1280 3638 viderim,
1322 3567 1379 3624 in
1422 3578 1680 3644 posterum
1719 3567 1816 3623 erit
1857 3565 2291 3641 investigandum,
2336 3584 2469 3621 num
2498 3564 2565 3621 ad

415 3653 511 3712 hoc
545 3673 700 3729 genus
734 3657 800 3714 sit
835 3655 1100 3718 referenda.

482 3743 656 3800 llerha
696 3744 1012 3814 succulenta,
1054 3747 1111 3802 in
1159 3745 1287 3804 sicco
1334 3744 1439 3801 fere
1483 3753 1590 3799 tota
1635 3742 1890 3818 pellucida
1931 3751 1983 3798 et
2024 3741 2281 3817 glandulis
2310 3742 2466 3799 fuscis
2497 3742 2563 3800 ad

413 3829 906 3904 lentemfflpunetata,
941 3833 1227 3890 dichotomc
1246 3850 1467 3899 ramosa,
1500 3830 1823 3887 radicellis
1854 3850 1883 3885 e
1914 3830 2056 3887 nodis
2086 3830 2329 3905 protrusis
2361 3847 2559 3905 repens,

416 3918 682 3976 ramulis
708 3919 1007 3982 florentibus
1029 3920 1196 3984 forsan
1219 3923 1412 3984 emetis.
1456 3920 1663 3976 Caulis
1688 3920 1976 3989 (informis,
2004 3919 2356 3976 teretiusculus
2382 3919 2562 3975 rami·

412 4025 531 4081 que
574 4009 823 4082 patenum
872 4008 1141 4083 puberuli3
1191 4009 1472 4066 internodia
1517 4014 1659 4066 3-1
1702 4019 1835 4066 cent.
1867 4008 2035 4084 longa.
2109 4006 2284 4063 Folia
2328 4006 2562 4081 pleraque

412 4094 664 4169 opposita,
700 4096 879 4171 patula
894 4136 912 4167 ‚
947 4097 1005 4154 in
1044 4096 1172 4162 sicco
1211 4096 1955 4173 &ammenti-membranacea
2002 4106 2054 4152 et
2099 4093 2237 4152 fusce
2280 4104 2555 4168 punctata,

478 4289 518 4360 ²)
556 4292 692 4361 Piper
724 4296 1124 4358 nummularium,
1174 4311 1203 4344 a
1235 4305 1501 4344 ιΑωαιιο
1535 4309 1643 4343 cum
1676 4303 1845 4343 mun.
1880 4286 2040 4356 (Herb.
2074 4304 2123 4336 n.
2162 4284 2310 4353 7262)
2362 4299 2564 4338 commu·

346 4411 349 4414 -
405 4373 642 4442 nimum,
676 4389 745 4429 est
779 4378 901 4431 Filix
933 4379 1119 4432 sterilis.

650 4483 653 4486 ,
2122 4462 2192 4497 o*
