3153 5134
1643 335 1736 398 ‘28

621 542 1003 637 perspicies,
1073 534 1399 626 Quasdam
1461 539 1684 607 saltem
1745 537 2209 608 observationes
2255 537 2392 609 hic'
2422 539 2748 633 adjiciam.

622 641 1155 733 Praefloratio
1188 661 1274 729 ab
1306 682 1379 728 ea
1412 659 1963 751 Peperomiearum
1993 658 2173 727 haud
2206 661 2472 750 quidem
2503 661 2747 733 differt.

621 784 971 877 Filamenta
1013 783 1083 850 in
1105 765 1108 767 Α
1132 784 1294 852 flore
1344 780 1648 873 virginali»
1667 781 2032 849 brevissima
2078 794 2253 848 recta
2271 831 2289 862 ‚
2339 795 2487 873 post
2519 783 2750 852 anthe-

623 928 733 974 rae
762 904 1233 997 perfectionem,
1273 903 1642 971 increscunt
1663 953 1680 982 ,
1728 899 2035 969 rarissime
2075 901 2308 969 *saltem
2339 903 2411 969 in
2441 902 2606 971 -flore
2632 904 2755 971 vir*

616 1024 813 1117 ginali
849 1038 1192 1093 transverse
1222 1023 1444 1091 leviter
1474 1020 1827 1113 subplicata
1875 1035 2031 1089 sunt
2083 1023 2602 1114 (Arthanthe‘s
2642 1049 2746 1116 sp.

624 1160 698 1214 et
724 1142 1205 1233 Callianira).
1269 1143 1825 1235 Ingerontogaeis
1856 1143 2167 1233 imprimis
2192 1143 2588 1234 in-Piperis
2612 1166 2753 1236 spe-

625 1264 841 1333 ciebus
887 1264 1179 1334 omnium
1227 1263 1568 1333 crasissima
1626 1276 1780 1330 sunt
1829 1277 1898 1331 et
1947 1262 2018 1328 in
2065 1263 2522 1331 ‘connectivum
2566 1263 2756 1334 valde

627 1407 905 1453 crassum
930 1385 1323 1464 ffiniuntur,
1357 1383 1466 1451 cui
1510 1383 1819 1450 antherae
1856 1382 2049 1451 loculi
2081 1382 2234 1449 ¹fere
2274 1382 2758 1452 horizontaliter

629 1504 910 1595 impositi
957 1517 1129 1573 sunt.
1223 1504 1391 1573 Situs
1420 1503 1748 1595 'normalis
1773 1500 2034 1570 videtur
2071 1503 2355 1571 alternus
2401 1525 2554 1570 cum
2597 1502 2757 1596 stig-

628 1622 944 1705 matibus,
995 1622 1156 1691 dum
1187 1623 1260 1689 in
1292 1622 1400 1705 iis,
1447 1623 1565 1690 ubi
1592 1645 1653 1692 v,
1675 1632 1744 1691 c.
1777 1623 2049 1711 stamina
2084 1622 2219 1691 duo
2249 1635 2317 1690 et
2343 1621 2642 1714 stigmata
2678 1629 2754 1705 3,

522 1738 535 1745 ’
629 1756 880 1812 stamen
928 1744 1108 1834 quod
1161 1743 1456 1811 bracteae
1477 1806 1481 1811 .
1501 1742 1867 1833 oppositum
1907 1741 2127 1811 fuisset
2165 1743 2344 1812 deest
2392 1755 2511 1862 Ξ
2600 1744 2761 1812 Fila-

629 1876 852 1935 menta
885 1864 955 1930 in
987 1862 1286 1937 omnibus
1315 1863 1448 1952 fere
1476 1862 1743 1932 omnino
1777 1860 2008 1945 libera,
2054 1862 2125 1930 in
2152 1866 2370 1955 paucis
2400 1864 2594 1935 ovarii
2625 1862 2761 1932 basi

633 1983 1024 2063 adhaerent,
1071 2003 1168 2050 ex·
1203 2004 1263 2054 c.
1296 1982 1368 2048 in
1415 1981 1695 2072 Pipere
1741 1982 2130 2052 'muricato
2178 1983 2306 2052 m..
2376 1984 2761 2054 Haud-raro

638 2104 858 2172 filam
875 2114 1061 2171 enta
1103 2102 1446 2194 persistunt
1465 2154 1482 2183 ‚
1531 2102 1711 2193 apice
1740 2101 2032 2170 clavatim
2068 2102 2405 2171 incrassata
2431 2117 2500 2172 et
2531 2103 2767 2172 baccae

636 2223 773 2291 basi
806 2224 1039 2307 adnata
1081 2235 1158 2290 ut
1200 2223 1271 2289 in
1321 2223 1687 2304 Ottonia,
1740 2222 2084 2304 Enckea,
2149 2221 2558 2315 inplurimis
2590 2247 2764 2294 ame-

640 2342 868 2412 ricanis
917 2341 1270 2412 densifloris
1289 2395 1306 2424 ,
1353 2342 1421 2410 in
1471 2341 1709 2432 quibus
1758 2341 2028 2432 quidem
2080 2356 2368 2412 emortua
2414 2358 2566 2412 sunt
2612 2345 2765 2414 fila-

637 2476 857 2531 menta
901 2463 1015 2532 sed
1062 2463 1234 2532 inter
1279 2464 1505 2533 baccas
1532 2461 2298 2553 prementesretinentur.
2357 2465 2766 2534 Anthene

636 2583 833 2656 etiam
866 2583 936 2650 in
962 2583 1181 2654 multis
1213 2583 1398 2658 tarde
1421 2582 1691 2652 cadunt
1721 2582 1808 2651 ita
1841 2596 1917 2651 ut
1944 2583 2015 2650 in
2046 2585 2309 2653 maturis
2336 2585 2471 2654 fere
2503 2577 2770 2655 amentis

644 2702 824 2774 haud
872 2727 1014 2773 raro
1047 2683 1150 2772 eas
1191 2703 1480 2797 reperies.
1569 2704 1959 2796 Plerumque
2004 2706 2272 2774 anthera
2320 2707 2700 2776 articulatim
2733 2731 2771 2775 a

642 2826 979 2893 filamento
1023 2825 1312 2907 solvitur,
1358 2825 1431 2893 in
1480 2825 1871 2916 quibusdam
1915 2826 2190 2897 effoetae
2233 2829 2540 2897 antherae
2584 2827 2773 2897 rudi-

648 2960 870 3024 menta
903 2946 972 3013 in
1005 2945 1323 3014 filamenti
1351 2946 1531 3037 apice
1559 2946 1930 3038 persistunt.
2021 2948 2291 3014 Ovaria
2323 2947 2394 3014 in
2426 2947 2778 3015 innumeris

650 3090 819 3158 quae
862 3065 1130 3134 dissecui
1176 3065 1625 3157 speciminibus
1672 3065 2042 3133 uniovulata
2093 3065 2262 3145 vidi,
2327 3066 2651 3133 ovulum
2702 3066 2773 3132 in

648 3187 787 3255 basi
816 3187 1011 3257 ovarii
1054 3199 1342 3270 erectum
1372 3185 1817 3274 orthotropum
1837 3235 1855 3265 ,
1900 3183 2098 3251 unico
2127 3197 2385 3252 tantum
2417 3184 2777 3255 velamento

652 3306 960 3376 distincto
1009 3306 1397 3374 instructum
1417 3355 1436 3387 ,
1482 3303 1939 3394 subglobosum
1956 3354 1973 3383 ‚
2020 3302 2213 3370 orarii
2255 3302 2595 3371 cavitatem
2630 3305 2777 3396 ple-

656 3450 935 3517 rumque
963 3425 1141 3493 haud
1175 3437 1378 3493 totam
1408 3422 1677 3513 implens
1694 3474 1711 3503 ,
1759 3421 1939 3489 unde
1969 3435 2176 3489 stoma
2207 3422 2292 3489 ab
2324 3424 2515 3491 ovarii
2543 3425 2779 3495 vertice

656 3548 860 3638 magis
889 3545 1100 3614 distat.
1118 3583 1211 3598 --
1226 3547 1388 3613 Cum
1412 3540 1705 3634 stigmata
1729 3542 2136 3633 Piperearum
2162 3542 2347 3632 plura
2377 3543 2664 3613 indicare
2688 3545 2780 3613 vi·

660 3666 967 3745 deantur,
1015 3664 1301 3744 ovarium
1324 3662 1405 3742 ‚iis
1437 3684 1564 3758 esse
1605 3659 2131 3752 compositum
2169 3673 2208 3730 e
2238 3662 2784 3757 pluribus’carpo-

658 3784 894 3877 phyllis
920 3783 1270 3852 ibrmatum
1290 3833 1307 3862 ‚
1342 3794 1642 3850 accurate
1674 3781 2189 3872 investigandum
2219 3786 2587 3869 censebam,
2620 3808 2789 3855 anne

658 3905 845 3997 plura
895 3903 1092 3972 etiam
1146 3903 1327 3982 ovula
1388 3900 1459 3968 in
1513 3901 1919 3970 nascentibus
1979 3902 2444 3987 formarentur,
2508 3928 2785 3995 quorum

659 4048 862 4094 unum
895 4035 1158 4091 tantum
1189 4021 1579 4114 perficiatur.
1625 4095 1628 4098 ,
1671 4022 1901 4091 Oleum
1948 4037 2013 4090 et
2059 4035 2318 4115 operam
2357 4031 2576 4092 autem
2627 4026 2789 4095 mihi

664 4168 799 4214 non
848 4141 1196 4235 perdidisse
1242 4140 1458 4210 videor
1471 4192 1488 4223 ,
1535 4166 1688 4211 cum
1737 4143 1806 4211 in
1856 4167 2092 4235 magno
2124 4145 2233 4215 illo
2267 4146 2618 4214 ovariorum
2664 4172 2787 4217 nu·-

667 4286 848 4335 mero
898 4284 1064 4354 quae
1113 4285 1152 4331 e
1184 4262 1375 4338 *siccis
1421 4263 1875 4355 speciminibus
1921 4265 2188 4336 dissecui
2235 4288 2483 4358 semper
2524 4266 2790 4338 unicum
