<?xml version="1.0" encoding="UTF-8"?>
<!DOCTYPE html PUBLIC "-//W3C//DTD XHTML 1.0 Transitional//EN"
    "http://www.w3.org/TR/xhtml1/DTD/xhtml1-transitional.dtd">
<html xmlns="http://www.w3.org/1999/xhtml" xml:lang="en" lang="en">
 <head>
  <title>
</title>
<meta http-equiv="Content-Type" content="text/html;charset=utf-8" />
  <meta name='ocr-system' content='tesseract 3.04.00' />
  <meta name='ocr-capabilities' content='ocr_page ocr_carea ocr_par ocr_line ocrx_word'/>
</head>
<body>
  <div class='ocr_page' id='page_1' title='image "./systemapiperace00migugoog_0072.png"; bbox 0 0 3153 5134; ppageno 0'>
   <div class='ocr_carea' id='block_1_1' title="bbox 1647 360 1730 420">
    <p class='ocr_par' dir='ltr' id='par_1_1' title="bbox 1647 360 1730 420">
     <span class='ocr_line' id='line_1_1' title="bbox 1647 360 1730 420; baseline 0 0"><span class='ocrx_word' id='word_1_1' title='bbox 1647 360 1730 420; x_wconf 85' lang='lat'><strong>58</strong></span> 
     </span>
    </p>
   </div>
   <div class='ocr_carea' id='block_1_2' title="bbox 672 541 2755 707">
    <p class='ocr_par' dir='ltr' id='par_1_2' title="bbox 672 541 2755 707">
     <span class='ocr_line' id='line_1_2' title="bbox 672 541 2755 633; baseline 0.004 -23"><span class='ocrx_word' id='word_1_2' title='bbox 672 560 826 611; x_wconf 87' lang='lat' dir='ltr'><strong>lcon.</strong></span> <span class='ocrx_word' id='word_1_3' title='bbox 858 555 1055 612; x_wconf 77' lang='lat' dir='ltr'><strong>Hookcr</strong></span> <span class='ocrx_word' id='word_1_4' title='bbox 1088 555 1124 610; x_wconf 87' lang='lat' dir='ltr'><strong>l.</strong></span> <span class='ocrx_word' id='word_1_5' title='bbox 1153 575 1197 610; x_wconf 86' lang='lat' dir='ltr'><strong>c.</strong></span> <span class='ocrx_word' id='word_1_6' title='bbox 1227 556 1345 629; x_wconf 72' lang='lat' dir='ltr'><strong>Miq.</strong></span> <span class='ocrx_word' id='word_1_7' title='bbox 1376 555 1428 609; x_wconf 90' lang='lat' dir='ltr'><strong>in</strong></span> <span class='ocrx_word' id='word_1_8' title='bbox 1463 541 1600 611; x_wconf 88' lang='lat' dir='ltr'><strong>Diar.</strong></span> <span class='ocrx_word' id='word_1_9' title='bbox 1635 559 1760 610; x_wconf 86' lang='lat' dir='ltr'><strong>lust.</strong></span> <span class='ocrx_word' id='word_1_10' title='bbox 1793 556 1986 612; x_wconf 84' lang='lat' dir='ltr'><strong>Nederl.</strong></span> <span class='ocrx_word' id='word_1_11' title='bbox 2030 561 2174 612; x_wconf 74' lang='lat'>1843</span> <span class='ocrx_word' id='word_1_12' title='bbox 2207 555 2331 612; x_wconf 85' lang='lat' dir='ltr'><strong>Tab.</strong></span> <span class='ocrx_word' id='word_1_13' title='bbox 2359 562 2409 612; x_wconf 87' lang='grc' dir='ltr'><strong>ΙΙ</strong></span> <span class='ocrx_word' id='word_1_14' title='bbox 2439 559 2530 633; x_wconf 81' lang='lat' dir='ltr'><strong>fig.</strong></span> <span class='ocrx_word' id='word_1_15' title='bbox 2561 560 2755 618; x_wconf 83' lang='lat' dir='ltr'><strong>dextra.</strong></span> 
     </span>
     <span class='ocr_line' id='line_1_3' title="bbox 672 649 1553 707; baseline -0.005 0"><span class='ocrx_word' id='word_1_16' title='bbox 672 650 846 707; x_wconf 75' lang='lat' dir='ltr'><strong>lietb.</strong></span> <span class='ocrx_word' id='word_1_17' title='bbox 883 649 1064 704; x_wconf 87' lang='lat' dir='ltr'><strong>Willd.</strong></span> <span class='ocrx_word' id='word_1_18' title='bbox 1102 670 1156 704; x_wconf 90' lang='lat' dir='ltr'><strong>n.</strong></span> <span class='ocrx_word' id='word_1_19' title='bbox 1194 653 1324 704; x_wconf 83' lang='lat'>727!</span> <span class='ocrx_word' id='word_1_20' title='bbox 1364 654 1494 704; x_wconf 84' lang='lat'>728!</span> <span class='ocrx_word' id='word_1_21' title='bbox 1550 690 1553 691; x_wconf 14' lang='grc' dir='ltr'><em>γ</em></span> 
     </span>
    </p>
   </div>
   <div class='ocr_carea' id='block_1_3' title="bbox 588 863 2742 1666">
    <p class='ocr_par' dir='ltr' id='par_1_3' title="bbox 588 863 2742 1464">
     <span class='ocr_line' id='line_1_4' title="bbox 680 863 2741 945; baseline 0.003 -20"><span class='ocrx_word' id='word_1_22' title='bbox 680 866 974 925; x_wconf 78' lang='lat' dir='ltr'><strong>Habitat</strong></span> <span class='ocrx_word' id='word_1_23' title='bbox 1006 864 1071 924; x_wconf 91' lang='lat' dir='ltr'><strong>in</strong></span> <span class='ocrx_word' id='word_1_24' title='bbox 1106 866 1269 926; x_wconf 80' lang='lat' dir='ltr'><strong>Nova</strong></span> <span class='ocrx_word' id='word_1_25' title='bbox 1304 865 1663 942; x_wconf 86' lang='lat' dir='ltr'><strong>Andalusia,</strong></span> <span class='ocrx_word' id='word_1_26' title='bbox 1699 868 1878 945; x_wconf 82' lang='lat' dir='ltr'><strong>juxta</strong></span> <span class='ocrx_word' id='word_1_27' title='bbox 1915 863 2317 944; x_wconf 72' lang='lat' dir='ltr'><strong>Cumauacoa,</strong></span> <span class='ocrx_word' id='word_1_28' title='bbox 2352 870 2428 929; x_wconf 84' lang='lat' dir='ltr'><strong>ad</strong></span> <span class='ocrx_word' id='word_1_29' title='bbox 2459 871 2741 932; x_wconf 85' lang='lat' dir='ltr'><strong>arborum</strong></span> 
     </span>
     <span class='ocr_line' id='line_1_5' title="bbox 594 970 2742 1054; baseline 0.002 -23"><span class='ocrx_word' id='word_1_30' title='bbox 594 977 969 1052; x_wconf 79' lang='lat' dir='ltr'><strong>vetustarum</strong></span> <span class='ocrx_word' id='word_1_31' title='bbox 1003 976 1271 1043; x_wconf 82' lang='lat' dir='ltr'><strong>truncos,</strong></span> <span class='ocrx_word' id='word_1_32' title='bbox 1310 970 1456 1029; x_wconf 82' lang='lat' dir='ltr'><strong>locis</strong></span> <span class='ocrx_word' id='word_1_33' title='bbox 1489 970 1815 1045; x_wconf 83' lang='lat' dir='ltr'><strong>umbrosis,</strong></span> <span class='ocrx_word' id='word_1_34' title='bbox 1849 971 2007 1050; x_wconf 80' lang='lat' dir='ltr'><strong>Sept.</strong></span> <span class='ocrx_word' id='word_1_35' title='bbox 2042 972 2101 1032; x_wconf 91' lang='lat' dir='ltr'><strong>ss.</strong></span> <span class='ocrx_word' id='word_1_36' title='bbox 2134 972 2373 1053; x_wconf 82' lang='lat' dir='ltr'><strong>(Humb.</strong></span> <span class='ocrx_word' id='word_1_37' title='bbox 2410 982 2470 1033; x_wconf 80' lang='lat' dir='ltr'><strong>et</strong></span> <span class='ocrx_word' id='word_1_38' title='bbox 2503 974 2742 1054; x_wconf 90' lang='lat' dir='ltr'><strong>Bonpl.!</strong></span> 
     </span>
     <span class='ocr_line' id='line_1_6' title="bbox 596 1069 2742 1155; baseline 0.003 -21"><span class='ocrx_word' id='word_1_39' title='bbox 596 1075 637 1134; x_wconf 90' lang='lat' dir='ltr'><strong>l.</strong></span> <span class='ocrx_word' id='word_1_40' title='bbox 673 1093 728 1134; x_wconf 91' lang='lat' dir='ltr'><strong>c.</strong></span> <span class='ocrx_word' id='word_1_41' title='bbox 777 1081 838 1133; x_wconf 83' lang='lat' dir='ltr'><strong>et</strong></span> <span class='ocrx_word' id='word_1_42' title='bbox 877 1073 942 1130; x_wconf 89' lang='lat' dir='ltr'><strong>in</strong></span> <span class='ocrx_word' id='word_1_43' title='bbox 988 1072 1094 1132; x_wconf 89' lang='lat' dir='ltr'><strong>Hb.</strong></span> <span class='ocrx_word' id='word_1_44' title='bbox 1133 1069 1403 1151; x_wconf 87' lang='lat' dir='ltr'><strong>Willd.),</strong></span> <span class='ocrx_word' id='word_1_45' title='bbox 1449 1073 1515 1132; x_wconf 91' lang='lat' dir='ltr'><strong>in</strong></span> <span class='ocrx_word' id='word_1_46' title='bbox 1561 1073 1809 1133; x_wconf 87' lang='lat' dir='ltr'><strong>Brasilia</strong></span> <span class='ocrx_word' id='word_1_47' title='bbox 1855 1073 1944 1155; x_wconf 90' lang='lat' dir='ltr'><strong>(n.</strong></span> <span class='ocrx_word' id='word_1_48' title='bbox 1994 1074 2108 1134; x_wconf 88' lang='lat'><strong>125</strong></span> <span class='ocrx_word' id='word_1_49' title='bbox 2144 1075 2408 1136; x_wconf 85' lang='lat' dir='ltr'><strong>Sellow.!</strong></span> <span class='ocrx_word' id='word_1_50' title='bbox 2460 1077 2526 1137; x_wconf 91' lang='lat' dir='ltr'><strong>in</strong></span> <span class='ocrx_word' id='word_1_51' title='bbox 2563 1079 2742 1141; x_wconf 87' lang='lat' dir='ltr'><strong>Herb.</strong></span> 
     </span>
     <span class='ocr_line' id='line_1_7' title="bbox 591 1174 2738 1259; baseline 0.002 -22"><span class='ocrx_word' id='word_1_52' title='bbox 591 1197 717 1255; x_wconf 75' lang='lat' dir='ltr'><strong>reg.</strong></span> <span class='ocrx_word' id='word_1_53' title='bbox 748 1174 998 1256; x_wconf 86' lang='lat' dir='ltr'><strong>hercl.),</strong></span> <span class='ocrx_word' id='word_1_54' title='bbox 1043 1175 1277 1235; x_wconf 87' lang='lat' dir='ltr'><strong>Guiana</strong></span> <span class='ocrx_word' id='word_1_55' title='bbox 1305 1175 1525 1253; x_wconf 79' lang='lat' dir='ltr'><strong>gallica</strong></span> <span class='ocrx_word' id='word_1_56' title='bbox 1559 1176 1905 1255; x_wconf 75' lang='lat' dir='ltr'><strong>(Lepi-iem!</strong></span> <span class='ocrx_word' id='word_1_57' title='bbox 1951 1178 2012 1235; x_wconf 89' lang='lat' dir='ltr'><strong>iu</strong></span> <span class='ocrx_word' id='word_1_58' title='bbox 2050 1178 2221 1238; x_wconf 89' lang='lat' dir='ltr'><strong>Herb.</strong></span> <span class='ocrx_word' id='word_1_59' title='bbox 2255 1178 2339 1237; x_wconf 88' lang='lat' dir='ltr'><strong>De</strong></span> <span class='ocrx_word' id='word_1_60' title='bbox 2371 1178 2584 1259; x_wconf 56' lang='lat' dir='ltr'><strong>Lesa),</strong></span> <span class='ocrx_word' id='word_1_61' title='bbox 2634 1182 2738 1242; x_wconf 91' lang='lat' dir='ltr'><strong>Su·</strong></span> 
     </span>
     <span class='ocr_line' id='line_1_8' title="bbox 588 1278 2733 1361; baseline 0.003 -23"><span class='ocrx_word' id='word_1_62' title='bbox 588 1278 814 1339; x_wconf 86' lang='lat' dir='ltr'><strong>rinami</strong></span> <span class='ocrx_word' id='word_1_63' title='bbox 847 1297 1026 1357; x_wconf 86' lang='lat' dir='ltr'><strong>supra</strong></span> <span class='ocrx_word' id='word_1_64' title='bbox 1061 1285 1304 1337; x_wconf 83' lang='lat' dir='ltr'><strong>truncos</strong></span> <span class='ocrx_word' id='word_1_65' title='bbox 1335 1297 1632 1339; x_wconf 86' lang='lat' dir='ltr'><strong>muscosos</strong></span> <span class='ocrx_word' id='word_1_66' title='bbox 1663 1278 1908 1360; x_wconf 75' lang='lat' dir='ltr'><strong>(Fockel</strong></span> <span class='ocrx_word' id='word_1_67' title='bbox 1953 1281 2018 1340; x_wconf 91' lang='lat' dir='ltr'><strong>in</strong></span> <span class='ocrx_word' id='word_1_68' title='bbox 2051 1281 2227 1342; x_wconf 86' lang='lat' dir='ltr'><strong>Herb.</strong></span> <span class='ocrx_word' id='word_1_69' title='bbox 2261 1280 2483 1361; x_wconf 72' lang='lat' dir='ltr'><strong>prop),</strong></span> <span class='ocrx_word' id='word_1_70' title='bbox 2526 1284 2591 1343; x_wconf 86' lang='lat' dir='ltr'><strong>in</strong></span> <span class='ocrx_word' id='word_1_71' title='bbox 2626 1284 2733 1345; x_wconf 87' lang='lat' dir='ltr'><strong>ins.</strong></span> 
     </span>
     <span class='ocr_line' id='line_1_9' title="bbox 595 1380 2336 1464; baseline 0.001 -20"><span class='ocrx_word' id='word_1_72' title='bbox 595 1384 672 1446; x_wconf 63' lang='lat' dir='ltr'><strong>St.</strong></span> <span class='ocrx_word' id='word_1_73' title='bbox 708 1382 1002 1460; x_wconf 82' lang='lat' dir='ltr'><strong>Domingo</strong></span> <span class='ocrx_word' id='word_1_74' title='bbox 1036 1380 1339 1461; x_wconf 78' lang='lat' dir='ltr'><strong>(Poiteaul</strong></span> <span class='ocrx_word' id='word_1_75' title='bbox 1385 1382 1448 1440; x_wconf 92' lang='lat' dir='ltr'><strong>in</strong></span> <span class='ocrx_word' id='word_1_76' title='bbox 1484 1382 1659 1442; x_wconf 82' lang='lat' dir='ltr'><strong>Herb.</strong></span> <span class='ocrx_word' id='word_1_77' title='bbox 1696 1382 1909 1443; x_wconf 89' lang='lat' dir='ltr'><strong>Willd.</strong></span> <span class='ocrx_word' id='word_1_78' title='bbox 1945 1393 2007 1444; x_wconf 85' lang='lat' dir='ltr'><strong>ct</strong></span> <span class='ocrx_word' id='word_1_79' title='bbox 2038 1383 2122 1445; x_wconf 86' lang='lat' dir='ltr'><strong>De</strong></span> <span class='ocrx_word' id='word_1_80' title='bbox 2156 1382 2336 1464; x_wconf 74' lang='lat' dir='ltr'><strong>Lesa.)</strong></span> 
     </span>
    </p>

    <p class='ocr_par' dir='ltr' id='par_1_4' title="bbox 592 1483 2736 1666">
     <span class='ocr_line' id='line_1_10' title="bbox 670 1483 2733 1564; baseline 0.001 -18"><span class='ocrx_word' id='word_1_81' title='bbox 670 1484 910 1564; x_wconf 81' lang='lat' dir='ltr'><strong>Species</strong></span> <span class='ocrx_word' id='word_1_82' title='bbox 955 1503 1065 1562; x_wconf 89' lang='lat' dir='ltr'><strong>pro</strong></span> <span class='ocrx_word' id='word_1_83' title='bbox 1113 1483 1276 1543; x_wconf 83' lang='lat' dir='ltr'><strong>varia</strong></span> <span class='ocrx_word' id='word_1_84' title='bbox 1324 1484 1442 1544; x_wconf 89' lang='lat' dir='ltr'><strong>loci</strong></span> <span class='ocrx_word' id='word_1_85' title='bbox 1490 1485 1707 1545; x_wconf 74' lang='lat' dir='ltr'><strong>natalis</strong></span> <span class='ocrx_word' id='word_1_86' title='bbox 1752 1486 1959 1546; x_wconf 88' lang='lat' dir='ltr'><strong>indole</strong></span> <span class='ocrx_word' id='word_1_87' title='bbox 2003 1488 2159 1547; x_wconf 88' lang='lat' dir='ltr'><strong>mire</strong></span> <span class='ocrx_word' id='word_1_88' title='bbox 2196 1488 2363 1548; x_wconf 85' lang='lat' dir='ltr'><strong>varia</strong></span> <span class='ocrx_word' id='word_1_89' title='bbox 2399 1497 2460 1548; x_wconf 82' lang='lat' dir='ltr'><strong>et</strong></span> <span class='ocrx_word' id='word_1_90' title='bbox 2491 1489 2733 1550; x_wconf 84' lang='lat' dir='ltr'><strong>cultura</strong></span> 
     </span>
     <span class='ocr_line' id='line_1_11' title="bbox 592 1586 2736 1666; baseline 0.003 -19"><span class='ocrx_word' id='word_1_91' title='bbox 592 1588 772 1648; x_wconf 80' lang='lat' dir='ltr'><strong>etiam</strong></span> <span class='ocrx_word' id='word_1_92' title='bbox 817 1586 1142 1647; x_wconf 81' lang='lat' dir='ltr'><strong>admodum</strong></span> <span class='ocrx_word' id='word_1_93' title='bbox 1188 1593 1444 1661; x_wconf 79' lang='lat' dir='ltr'><strong>mutata,</strong></span> <span class='ocrx_word' id='word_1_94' title='bbox 1495 1586 1647 1662; x_wconf 80' lang='lat' dir='ltr'><strong>late,</strong></span> <span class='ocrx_word' id='word_1_95' title='bbox 1696 1594 1763 1646; x_wconf 79' lang='lat' dir='ltr'><strong>ut</strong></span> <span class='ocrx_word' id='word_1_96' title='bbox 1801 1586 2073 1663; x_wconf 83' lang='lat' dir='ltr'><strong>videtur,</strong></span> <span class='ocrx_word' id='word_1_97' title='bbox 2118 1607 2228 1666; x_wconf 90' lang='lat' dir='ltr'><strong>per</strong></span> <span class='ocrx_word' id='word_1_98' title='bbox 2262 1609 2491 1650; x_wconf 83' lang='lat' dir='ltr'><strong>novum</strong></span> <span class='ocrx_word' id='word_1_99' title='bbox 2527 1592 2736 1652; x_wconf 87' lang='lat' dir='ltr'><strong>orbem</strong></span> 
     </span>
    </p>
   </div>
   <div class='ocr_carea' id='block_1_4' title="bbox 588 1691 864 1770">
    <p class='ocr_par' dir='ltr' id='par_1_5' title="bbox 588 1691 864 1770">
     <span class='ocr_line' id='line_1_12' title="bbox 588 1691 864 1770; baseline -0.007 -20"><span class='ocrx_word' id='word_1_100' title='bbox 588 1691 864 1770; x_wconf 85' lang='lat' dir='ltr'><strong>dispersa.</strong></span> 
     </span>
    </p>
   </div>
   <div class='ocr_carea' id='block_1_5' title="bbox 566 1899 2801 3289">
    <p class='ocr_par' dir='ltr' id='par_1_6' title="bbox 566 1899 2801 3289">
     <span class='ocr_line' id='line_1_13' title="bbox 655 1899 2731 1977; baseline 0.003 -22"><span class='ocrx_word' id='word_1_101' title='bbox 655 1904 844 1955; x_wconf 76' lang='lat' dir='ltr'><strong>Descr.</strong></span> <span class='ocrx_word' id='word_1_102' title='bbox 871 1899 955 1969; x_wconf 81' lang='lat' dir='ltr'><strong>pl.</strong></span> <span class='ocrx_word' id='word_1_103' title='bbox 995 1910 1171 1969; x_wconf 80' lang='lat' dir='ltr'><strong>spont.</strong></span> <span class='ocrx_word' id='word_1_104' title='bbox 1214 1902 1406 1953; x_wconf 79' lang='lat' dir='ltr'><strong>siccae.</strong></span> <span class='ocrx_word' id='word_1_105' title='bbox 1480 1899 1688 1953; x_wconf 89' lang='lat' dir='ltr'><strong>Caulis</strong></span> <span class='ocrx_word' id='word_1_106' title='bbox 1726 1918 1897 1974; x_wconf 86' lang='lat' dir='ltr'><strong>repens</strong></span> <span class='ocrx_word' id='word_1_107' title='bbox 1934 1901 2077 1975; x_wconf 89' lang='lat' dir='ltr'><strong>longe</strong></span> <span class='ocrx_word' id='word_1_108' title='bbox 2116 1921 2433 1977; x_wconf 82' lang='lat' dir='ltr'><strong>proserpenS,</strong></span> <span class='ocrx_word' id='word_1_109' title='bbox 2474 1905 2731 1962; x_wconf 84' lang='lat' dir='ltr'><strong>filiformis</strong></span> 
     </span>
     <span class='ocr_line' id='line_1_14' title="bbox 576 1985 2731 2066; baseline 0.002 -23"><span class='ocrx_word' id='word_1_110' title='bbox 576 1991 656 2061; x_wconf 90' lang='lat' dir='ltr'><strong>(in</strong></span> <span class='ocrx_word' id='word_1_111' title='bbox 694 1988 843 2056; x_wconf 86' lang='lat' dir='ltr'><strong>sicco)</strong></span> <span class='ocrx_word' id='word_1_112' title='bbox 881 1996 1035 2052; x_wconf 71' lang='lat' dir='ltr'><strong>teres,</strong></span> <span class='ocrx_word' id='word_1_113' title='bbox 1080 2004 1226 2059; x_wconf 89' lang='lat' dir='ltr'><strong>parce</strong></span> <span class='ocrx_word' id='word_1_114' title='bbox 1259 1985 1543 2040; x_wconf 89' lang='lat' dir='ltr'><strong>dichotome</strong></span> <span class='ocrx_word' id='word_1_115' title='bbox 1572 2006 1832 2055; x_wconf 81' lang='lat' dir='ltr'><strong>ramosus,</strong></span> <span class='ocrx_word' id='word_1_116' title='bbox 1866 1988 2166 2061; x_wconf 74' lang='lat' dir='ltr'><strong>pubet-ulus,</strong></span> <span class='ocrx_word' id='word_1_117' title='bbox 2202 1992 2395 2045; x_wconf 89' lang='lat' dir='ltr'><strong>ramis</strong></span> <span class='ocrx_word' id='word_1_118' title='bbox 2425 1991 2731 2066; x_wconf 86' lang='lat' dir='ltr'><strong>quibusdam</strong></span> 
     </span>
     <span class='ocr_line' id='line_1_15' title="bbox 578 2072 2731 2152; baseline 0.003 -23"><span class='ocrx_word' id='word_1_119' title='bbox 578 2073 883 2151; x_wconf 81' lang='lat' dir='ltr'><strong>subglabris.</strong></span> <span class='ocrx_word' id='word_1_120' title='bbox 955 2072 1254 2150; x_wconf 89' lang='lat' dir='ltr'><strong>Fibrillae</strong></span> <span class='ocrx_word' id='word_1_121' title='bbox 1289 2072 1528 2128; x_wconf 71' lang='lat' dir='ltr'><strong>radicaloe</strong></span> <span class='ocrx_word' id='word_1_122' title='bbox 1567 2092 1627 2126; x_wconf 81' lang='lat' dir='ltr'><strong>ex</strong></span> <span class='ocrx_word' id='word_1_123' title='bbox 1663 2093 1830 2128; x_wconf 86' lang='lat' dir='ltr'><strong>averso</strong></span> <span class='ocrx_word' id='word_1_124' title='bbox 1858 2073 1969 2129; x_wconf 87' lang='lat' dir='ltr'><strong>folii</strong></span> <span class='ocrx_word' id='word_1_125' title='bbox 1999 2076 2160 2131; x_wconf 82' lang='lat' dir='ltr'><strong>latere</strong></span> <span class='ocrx_word' id='word_1_126' title='bbox 2195 2088 2460 2152; x_wconf 82' lang='lat' dir='ltr'><strong>promptae</strong></span> <span class='ocrx_word' id='word_1_127' title='bbox 2486 2078 2731 2136; x_wconf 88' lang='lat' dir='ltr'><strong>breviores</strong></span> 
     </span>
     <span class='ocr_line' id='line_1_16' title="bbox 575 2159 2731 2238; baseline 0 -17"><span class='ocrx_word' id='word_1_128' title='bbox 575 2178 768 2222; x_wconf 81' lang='lat' dir='ltr'><strong>tenueS.</strong></span> <span class='ocrx_word' id='word_1_129' title='bbox 840 2160 1003 2216; x_wconf 87' lang='lat' dir='ltr'><strong>Folia</strong></span> <span class='ocrx_word' id='word_1_130' title='bbox 1034 2170 1223 2215; x_wconf 86' lang='lat' dir='ltr'><strong>remota</strong></span> <span class='ocrx_word' id='word_1_131' title='bbox 1253 2165 1287 2214; x_wconf 97' lang='grc'>2</span> <span class='ocrx_word' id='word_1_132' title='bbox 1310 2167 1393 2214; x_wconf 87' lang='lat'><strong>-3</strong></span> <span class='ocrx_word' id='word_1_133' title='bbox 1423 2170 1555 2216; x_wconf 84' lang='lat' dir='ltr'><strong>cent.</strong></span> <span class='ocrx_word' id='word_1_134' title='bbox 1584 2159 1852 2227; x_wconf 71' lang='lat' dir='ltr'><strong>distantia,</strong></span> <span class='ocrx_word' id='word_1_135' title='bbox 1890 2161 2114 2231; x_wconf 85' lang='lat' dir='ltr'><strong>alterna,</strong></span> <span class='ocrx_word' id='word_1_136' title='bbox 2153 2163 2417 2238; x_wconf 86' lang='lat' dir='ltr'><strong>petiolata,</strong></span> <span class='ocrx_word' id='word_1_137' title='bbox 2455 2166 2731 2221; x_wconf 85' lang='lat' dir='ltr'><strong>horizonta·</strong></span> 
     </span>
     <span class='ocr_line' id='line_1_17' title="bbox 572 2241 2756 2323; baseline 0.002 -18"><span class='ocrx_word' id='word_1_138' title='bbox 572 2254 696 2309; x_wconf 88' lang='lat' dir='ltr'><strong>liter</strong></span> <span class='ocrx_word' id='word_1_139' title='bbox 728 2249 975 2323; x_wconf 85' lang='lat' dir='ltr'><strong>patentia.</strong></span> <span class='ocrx_word' id='word_1_140' title='bbox 1051 2248 1275 2303; x_wconf 87' lang='lat' dir='ltr'><strong>Petioli</strong></span> <span class='ocrx_word' id='word_1_141' title='bbox 1317 2252 1496 2313; x_wconf 63' lang='lat'><strong>1-1}</strong></span> <span class='ocrx_word' id='word_1_142' title='bbox 1552 2258 1684 2304; x_wconf 88' lang='lat' dir='ltr'><strong>cent.</strong></span> <span class='ocrx_word' id='word_1_143' title='bbox 1734 2249 1904 2321; x_wconf 87' lang='lat' dir='ltr'><strong>longi,</strong></span> <span class='ocrx_word' id='word_1_144' title='bbox 1940 2250 2230 2319; x_wconf 75' lang='lat' dir='ltr'><strong>filifor&#39;mes,</strong></span> <span class='ocrx_word' id='word_1_145' title='bbox 2279 2253 2448 2307; x_wconf 89' lang='lat' dir='ltr'><strong>antice</strong></span> <span class='ocrx_word' id='word_1_146' title='bbox 2477 2241 2756 2310; x_wconf 37' lang='lat' dir='ltr'><strong>canalicuss</strong></span> 
     </span>
     <span class='ocr_line' id='line_1_18' title="bbox 574 2325 2732 2409; baseline 0.002 -17"><span class='ocrx_word' id='word_1_147' title='bbox 574 2338 699 2404; x_wconf 88' lang='lat' dir='ltr'><strong>lati,</strong></span> <span class='ocrx_word' id='word_1_148' title='bbox 740 2336 848 2390; x_wconf 86' lang='lat' dir='ltr'><strong>basi</strong></span> <span class='ocrx_word' id='word_1_149' title='bbox 897 2325 1222 2403; x_wconf 84' lang='lat' dir='ltr'><strong>subdilatati,</strong></span> <span class='ocrx_word' id='word_1_150' title='bbox 1268 2334 1609 2409; x_wconf 80' lang='lat' dir='ltr'><strong>pubescentes,</strong></span> <span class='ocrx_word' id='word_1_151' title='bbox 1681 2336 1980 2391; x_wconf 85' lang='lat' dir='ltr'><strong>Laminae</strong></span> <span class='ocrx_word' id='word_1_152' title='bbox 2025 2338 2181 2393; x_wconf 86' lang='lat' dir='ltr'><strong>siccae</strong></span> <span class='ocrx_word' id='word_1_153' title='bbox 2211 2341 2538 2396; x_wconf 86' lang='lat' dir='ltr'><strong>crassiuscule</strong></span> <span class='ocrx_word' id='word_1_154' title='bbox 2571 2362 2732 2396; x_wconf 88' lang='lat' dir='ltr'><strong>mem-</strong></span> 
     </span>
     <span class='ocr_line' id='line_1_19' title="bbox 573 2423 2729 2503; baseline 0.002 -22"><span class='ocrx_word' id='word_1_155' title='bbox 573 2428 865 2493; x_wconf 77' lang='lat' dir='ltr'><strong>branaceae,</strong></span> <span class='ocrx_word' id='word_1_156' title='bbox 903 2443 1056 2498; x_wconf 86' lang='lat' dir='ltr'><strong>supra</strong></span> <span class='ocrx_word' id='word_1_157' title='bbox 1087 2423 1379 2478; x_wconf 82' lang='lat' dir='ltr'><strong>atrovirides</strong></span> <span class='ocrx_word' id='word_1_158' title='bbox 1409 2424 1709 2497; x_wconf 88' lang='lat' dir='ltr'><strong>puberulac,</strong></span> <span class='ocrx_word' id='word_1_159' title='bbox 1755 2425 1937 2480; x_wconf 83' lang='lat' dir='ltr'><strong>subtus</strong></span> <span class='ocrx_word' id='word_1_160' title='bbox 1966 2427 2178 2499; x_wconf 78' lang='lat' dir='ltr'><strong>glaucae</strong></span> <span class='ocrx_word' id='word_1_161' title='bbox 2207 2428 2310 2483; x_wconf 85' lang='lat' dir='ltr'><strong>fere</strong></span> <span class='ocrx_word' id='word_1_162' title='bbox 2342 2430 2573 2503; x_wconf 76' lang='lat' dir='ltr'><strong>glabrae,</strong></span> <span class='ocrx_word' id='word_1_163' title='bbox 2617 2451 2729 2485; x_wconf 89' lang='lat' dir='ltr'><strong>ner-</strong></span> 
     </span>
     <span class='ocr_line' id='line_1_20' title="bbox 572 2511 2732 2594; baseline 0.002 -24"><span class='ocrx_word' id='word_1_164' title='bbox 572 2513 1024 2587; x_wconf 83' lang='lat' dir='ltr'><strong>voso-marginatae</strong></span> <span class='ocrx_word' id='word_1_165' title='bbox 1059 2511 1385 2587; x_wconf 86' lang='lat' dir='ltr'><strong>ciliataeque,</strong></span> <span class='ocrx_word' id='word_1_166' title='bbox 1425 2511 1849 2585; x_wconf 80' lang='lat' dir='ltr'><strong>subrotundatae,</strong></span> <span class='ocrx_word' id='word_1_167' title='bbox 1886 2511 1995 2569; x_wconf 89' lang='lat' dir='ltr'><strong>basi</strong></span> <span class='ocrx_word' id='word_1_168' title='bbox 2026 2525 2288 2571; x_wconf 79' lang='lat' dir='ltr'><strong>truncatae</strong></span> <span class='ocrx_word' id='word_1_169' title='bbox 2320 2517 2399 2572; x_wconf 88' lang='lat' dir='ltr'><strong>vel</strong></span> <span class='ocrx_word' id='word_1_170' title='bbox 2431 2518 2732 2594; x_wconf 87' lang='lat' dir='ltr'><strong>plerumque</strong></span> 
     </span>
     <span class='ocr_line' id='line_1_21' title="bbox 574 2599 2728 2678; baseline 0.002 -20"><span class='ocrx_word' id='word_1_171' title='bbox 574 2602 753 2658; x_wconf 86' lang='lat' dir='ltr'><strong>leviter</strong></span> <span class='ocrx_word' id='word_1_172' title='bbox 798 2601 1054 2668; x_wconf 87' lang='lat' dir='ltr'><strong>cordatae,</strong></span> <span class='ocrx_word' id='word_1_173' title='bbox 1104 2610 1197 2655; x_wconf 90' lang='lat' dir='ltr'><strong>aut</strong></span> <span class='ocrx_word' id='word_1_174' title='bbox 1243 2599 1564 2668; x_wconf 75' lang='lat' dir='ltr'><strong>rcniformcs,</strong></span> <span class='ocrx_word' id='word_1_175' title='bbox 1616 2600 1814 2656; x_wconf 87' lang='lat' dir='ltr'><strong>latiores</strong></span> <span class='ocrx_word' id='word_1_176' title='bbox 1862 2622 2019 2677; x_wconf 87' lang='lat' dir='ltr'><strong>quam</strong></span> <span class='ocrx_word' id='word_1_177' title='bbox 2066 2605 2269 2677; x_wconf 87' lang='lat' dir='ltr'><strong>longae,</strong></span> <span class='ocrx_word' id='word_1_178' title='bbox 2322 2606 2447 2659; x_wconf 90' lang='lat' dir='ltr'><strong>aliae</strong></span> <span class='ocrx_word' id='word_1_179' title='bbox 2485 2611 2556 2678; x_wconf 65' lang='lat'><strong>13¹,-</strong></span> <span class='ocrx_word' id='word_1_180' title='bbox 2597 2618 2728 2663; x_wconf 88' lang='lat' dir='ltr'><strong>ccnt.</strong></span> 
     </span>
     <span class='ocr_line' id='line_1_22' title="bbox 572 2688 2801 2769; baseline 0.004 -26"><span class='ocrx_word' id='word_1_181' title='bbox 572 2689 750 2764; x_wconf 87' lang='lat' dir='ltr'><strong>longae</strong></span> <span class='ocrx_word' id='word_1_182' title='bbox 798 2689 1227 2765; x_wconf 64' lang='lat' dir='ltr'><strong>lataeque„aliae</strong></span> <span class='ocrx_word' id='word_1_183' title='bbox 1264 2694 1293 2743; x_wconf 89' lang='lat'>1</span> <span class='ocrx_word' id='word_1_184' title='bbox 1318 2699 1450 2744; x_wconf 83' lang='lat' dir='ltr'><strong>cent.</strong></span> <span class='ocrx_word' id='word_1_185' title='bbox 1477 2688 1677 2761; x_wconf 88' lang='lat' dir='ltr'><strong>longae,</strong></span> <span class='ocrx_word' id='word_1_186' title='bbox 1731 2694 1910 2769; x_wconf 74' lang='lat'><strong>1;-2</strong></span> <span class='ocrx_word' id='word_1_187' title='bbox 1957 2690 2108 2748; x_wconf 84' lang='lat' dir='ltr'><strong>latae.</strong></span> <span class='ocrx_word' id='word_1_188' title='bbox 2186 2693 2331 2746; x_wconf 79' lang='lat' dir='ltr'><strong>Nervi</strong></span> <span class='ocrx_word' id='word_1_189' title='bbox 2373 2704 2550 2748; x_wconf 86' lang='lat' dir='ltr'><strong>tenues</strong></span> <span class='ocrx_word' id='word_1_190' title='bbox 2590 2693 2730 2751; x_wconf 90' lang='lat' dir='ltr'><strong>haud</strong></span> <span class='ocrx_word' id='word_1_191' title='bbox 2778 2740 2801 2755; x_wconf 75' lang='lat'><strong>.</strong></span> 
     </span>
     <span class='ocr_line' id='line_1_23' title="bbox 566 2775 2728 2856; baseline 0.002 -21"><span class='ocrx_word' id='word_1_192' title='bbox 566 2778 907 2856; x_wconf 69' lang='lat' dir='ltr'><strong>prominentes</strong></span> <span class='ocrx_word' id='word_1_193' title='bbox 944 2778 996 2832; x_wconf 89' lang='lat' dir='ltr'><strong>in</strong></span> <span class='ocrx_word' id='word_1_194' title='bbox 1039 2778 1219 2852; x_wconf 80' lang='lat' dir='ltr'><strong>pagina</strong></span> <span class='ocrx_word' id='word_1_195' title='bbox 1257 2776 1495 2830; x_wconf 84' lang='lat' dir='ltr'><strong>inferiore</strong></span> <span class='ocrx_word' id='word_1_196' title='bbox 1533 2775 1852 2831; x_wconf 85' lang='lat' dir='ltr'><strong>discernendi</strong></span> <span class='ocrx_word' id='word_1_197' title='bbox 1891 2797 1920 2832; x_wconf 89' lang='lat' dir='ltr'><strong>e</strong></span> <span class='ocrx_word' id='word_1_198' title='bbox 1961 2777 2073 2832; x_wconf 85' lang='lat' dir='ltr'><strong>folii</strong></span> <span class='ocrx_word' id='word_1_199' title='bbox 2115 2779 2224 2834; x_wconf 85' lang='lat' dir='ltr'><strong>basi</strong></span> <span class='ocrx_word' id='word_1_200' title='bbox 2264 2780 2587 2854; x_wconf 63' lang='lat' dir='ltr'><strong>prodeuntes,</strong></span> <span class='ocrx_word' id='word_1_201' title='bbox 2627 2795 2728 2839; x_wconf 74' lang='lat' dir='ltr'><strong>troe</strong></span> 
     </span>
     <span class='ocr_line' id='line_1_24' title="bbox 571 2864 2728 2948; baseline 0.002 -23"><span class='ocrx_word' id='word_1_202' title='bbox 571 2868 724 2925; x_wconf 88' lang='lat' dir='ltr'><strong>medii</strong></span> <span class='ocrx_word' id='word_1_203' title='bbox 767 2867 941 2941; x_wconf 89' lang='lat' dir='ltr'><strong>paullo</strong></span> <span class='ocrx_word' id='word_1_204' title='bbox 978 2867 1206 2922; x_wconf 88' lang='lat' dir='ltr'><strong>fortiores</strong></span> <span class='ocrx_word' id='word_1_205' title='bbox 1241 2864 1341 2919; x_wconf 76' lang='lat' dir='ltr'><strong>fere</strong></span> <span class='ocrx_word' id='word_1_206' title='bbox 1374 2865 1438 2918; x_wconf 89' lang='lat' dir='ltr'><strong>ad</strong></span> <span class='ocrx_word' id='word_1_207' title='bbox 1467 2866 1752 2938; x_wconf 80' lang='lat' dir='ltr'><strong>marginem</strong></span> <span class='ocrx_word' id='word_1_208' title='bbox 1785 2867 2126 2939; x_wconf 87' lang='lat' dir='ltr'><strong>pertingentes</strong></span> <span class='ocrx_word' id='word_1_209' title='bbox 2156 2878 2210 2922; x_wconf 89' lang='lat' dir='ltr'><strong>et</strong></span> <span class='ocrx_word' id='word_1_210' title='bbox 2238 2873 2268 2922; x_wconf 93' lang='lat'>1</span> <span class='ocrx_word' id='word_1_211' title='bbox 2308 2870 2382 2923; x_wconf 88' lang='lat' dir='ltr'><strong>vel</strong></span> <span class='ocrx_word' id='word_1_212' title='bbox 2414 2875 2450 2924; x_wconf 85' lang='lat'><strong>2</strong></span> <span class='ocrx_word' id='word_1_213' title='bbox 2485 2872 2728 2948; x_wconf 83' lang='lat' dir='ltr'><strong>utrinque</strong></span> 
     </span>
     <span class='ocr_line' id='line_1_25' title="bbox 572 2950 2727 3027; baseline 0.001 -15"><span class='ocrx_word' id='word_1_214' title='bbox 572 2969 773 3024; x_wconf 71' lang='lat' dir='ltr'><strong>tenuae3</strong></span> <span class='ocrx_word' id='word_1_215' title='bbox 802 2974 983 3011; x_wconf 89' lang='lat' dir='ltr'><strong>omnes</strong></span> <span class='ocrx_word' id='word_1_216' title='bbox 1012 2954 1250 3010; x_wconf 88' lang='lat' dir='ltr'><strong>ramulosi</strong></span> <span class='ocrx_word' id='word_1_217' title='bbox 1276 2965 1329 3007; x_wconf 90' lang='lat' dir='ltr'><strong>et</strong></span> <span class='ocrx_word' id='word_1_218' title='bbox 1360 2971 1515 3027; x_wconf 83' lang='lat' dir='ltr'><strong>quam</strong></span> <span class='ocrx_word' id='word_1_219' title='bbox 1550 2950 1878 3007; x_wconf 78' lang='lat' dir='ltr'><strong>subtilissime</strong></span> <span class='ocrx_word' id='word_1_220' title='bbox 1906 2965 2340 3011; x_wconf 81' lang='lat' dir='ltr'><strong>anastomosantes.</strong></span> <span class='ocrx_word' id='word_1_221' title='bbox 2399 2964 2727 3016; x_wconf 87' lang='lat' dir='ltr'><strong>Amentum</strong></span> 
     </span>
     <span class='ocr_line' id='line_1_26' title="bbox 570 3033 2725 3119; baseline -0 -17"><span class='ocrx_word' id='word_1_222' title='bbox 570 3033 626 3103; x_wconf 84' lang='lat' dir='ltr'><strong>in</strong></span> <span class='ocrx_word' id='word_1_223' title='bbox 664 3046 801 3119; x_wconf 87' lang='lat' dir='ltr'><strong>apice</strong></span> <span class='ocrx_word' id='word_1_224' title='bbox 835 3044 1026 3098; x_wconf 90' lang='lat' dir='ltr'><strong>ramuli</strong></span> <span class='ocrx_word' id='word_1_225' title='bbox 1064 3062 1092 3097; x_wconf 87' lang='lat' dir='ltr'><strong>e</strong></span> <span class='ocrx_word' id='word_1_226' title='bbox 1131 3042 1240 3097; x_wconf 79' lang='lat' dir='ltr'><strong>folii</strong></span> <span class='ocrx_word' id='word_1_227' title='bbox 1284 3041 1525 3094; x_wconf 83' lang='lat' dir='ltr'><strong>normalis</strong></span> <span class='ocrx_word' id='word_1_228' title='bbox 1562 3039 1713 3094; x_wconf 81' lang='lat' dir='ltr'><strong>axilla</strong></span> <span class='ocrx_word' id='word_1_229' title='bbox 1766 3041 2013 3115; x_wconf 77' lang='lat' dir='ltr'><strong>protrusi,</strong></span> <span class='ocrx_word' id='word_1_230' title='bbox 2060 3043 2472 3116; x_wconf 75' lang='lat' dir='ltr'><strong>oppositifolium‚</strong></span> <span class='ocrx_word' id='word_1_231' title='bbox 2525 3045 2631 3101; x_wconf 88' lang='lat' dir='ltr'><strong>scil.</strong></span> <span class='ocrx_word' id='word_1_232' title='bbox 2668 3067 2725 3101; x_wconf 84' lang='lat' dir='ltr'><strong>ex</strong></span> 
     </span>
     <span class='ocr_line' id='line_1_27' title="bbox 570 3128 2727 3202; baseline -0.002 -11"><span class='ocrx_word' id='word_1_233' title='bbox 570 3135 721 3192; x_wconf 83' lang='lat' dir='ltr'><strong>axilla</strong></span> <span class='ocrx_word' id='word_1_234' title='bbox 751 3132 853 3187; x_wconf 71' lang='lat' dir='ltr'><strong>folii</strong></span> <span class='ocrx_word' id='word_1_235' title='bbox 884 3131 1089 3185; x_wconf 89' lang='lat' dir='ltr'><strong>minoris</strong></span> <span class='ocrx_word' id='word_1_236' title='bbox 1114 3128 1514 3184; x_wconf 82' lang='lat' dir='ltr'><strong>hracteaeformis</strong></span> <span class='ocrx_word' id='word_1_237' title='bbox 1542 3139 1784 3202; x_wconf 89' lang='lat' dir='ltr'><strong>eruptum</strong></span> <span class='ocrx_word' id='word_1_238' title='bbox 1816 3137 1869 3181; x_wconf 89' lang='lat' dir='ltr'><strong>et</strong></span> <span class='ocrx_word' id='word_1_239' title='bbox 1898 3147 2155 3202; x_wconf 86' lang='lat' dir='ltr'><strong>suppressa</strong></span> <span class='ocrx_word' id='word_1_240' title='bbox 2184 3129 2417 3183; x_wconf 82' lang='lat' dir='ltr'><strong>ulteriore</strong></span> <span class='ocrx_word' id='word_1_241' title='bbox 2444 3131 2727 3188; x_wconf 86' lang='lat' dir='ltr'><strong>evolutione</strong></span> 
     </span>
     <span class='ocr_line' id='line_1_28' title="bbox 571 3216 2724 3289; baseline -0.002 -10"><span class='ocrx_word' id='word_1_242' title='bbox 571 3224 837 3279; x_wconf 89' lang='lat' dir='ltr'><strong>ramulum</strong></span> <span class='ocrx_word' id='word_1_243' title='bbox 883 3221 1177 3276; x_wconf 82' lang='lat' dir='ltr'><strong>terminans.</strong></span> <span class='ocrx_word' id='word_1_244' title='bbox 1249 3218 1501 3272; x_wconf 90' lang='lat' dir='ltr'><strong>Ramulus</strong></span> <span class='ocrx_word' id='word_1_245' title='bbox 1541 3217 1632 3271; x_wconf 89' lang='lat' dir='ltr'><strong>ille</strong></span> <span class='ocrx_word' id='word_1_246' title='bbox 1672 3222 1706 3271; x_wconf 85' lang='lat'><strong>6</strong></span> <span class='ocrx_word' id='word_1_247' title='bbox 1748 3234 1876 3270; x_wconf 89' lang='lat' dir='ltr'><strong>mm.</strong></span> <span class='ocrx_word' id='word_1_248' title='bbox 1917 3216 2129 3289; x_wconf 82' lang='lat' dir='ltr'><strong>longus3</strong></span> <span class='ocrx_word' id='word_1_249' title='bbox 2173 3216 2469 3271; x_wconf 83' lang='lat' dir='ltr'><strong>foliolum</strong></span> <span class='ocrx_word' id='word_1_250' title='bbox 2506 3218 2724 3274; x_wconf 83' lang='lat' dir='ltr'><strong>breviter</strong></span> 
     </span>
    </p>
   </div>
   <div class='ocr_carea' id='block_1_6' title="bbox 464 3303 2723 3389">
    <p class='ocr_par' dir='ltr' id='par_1_7' title="bbox 464 3303 2723 3389">
     <span class='ocr_line' id='line_1_29' title="bbox 464 3303 2723 3389; baseline -0.003 -22"><span class='ocrx_word' id='word_1_251' title='bbox 464 3374 471 3380; x_wconf 29' lang='lat'>⁸</span> <span class='ocrx_word' id='word_1_252' title='bbox 569 3311 868 3389; x_wconf 79' lang='lat' dir='ltr'><strong>petiolatum</strong></span> <span class='ocrx_word' id='word_1_253' title='bbox 885 3348 902 3377; x_wconf 90' lang='lat'><strong>,</strong></span> <span class='ocrx_word' id='word_1_254' title='bbox 943 3305 1390 3381; x_wconf 75' lang='lat' dir='ltr'><strong>subspathulatum</strong></span> <span class='ocrx_word' id='word_1_255' title='bbox 1405 3343 1421 3371; x_wconf 89' lang='lat'><strong>,</strong></span> <span class='ocrx_word' id='word_1_256' title='bbox 1466 3304 1664 3378; x_wconf 87' lang='lat' dir='ltr'><strong>aliquot</strong></span> <span class='ocrx_word' id='word_1_257' title='bbox 1700 3322 1829 3356; x_wconf 89' lang='lat' dir='ltr'><strong>mm.</strong></span> <span class='ocrx_word' id='word_1_258' title='bbox 1873 3303 2087 3376; x_wconf 91' lang='lat' dir='ltr'><strong>longum</strong></span> <span class='ocrx_word' id='word_1_259' title='bbox 2128 3313 2180 3356; x_wconf 90' lang='lat' dir='ltr'><strong>et</strong></span> <span class='ocrx_word' id='word_1_260' title='bbox 2215 3321 2368 3377; x_wconf 84' lang='lat' dir='ltr'><strong>aeque</strong></span> <span class='ocrx_word' id='word_1_261' title='bbox 2403 3322 2462 3357; x_wconf 88' lang='lat' dir='ltr'><strong>ac</strong></span> <span class='ocrx_word' id='word_1_262' title='bbox 2500 3304 2609 3376; x_wconf 92' lang='lat' dir='ltr'><strong>ped</strong></span> <span class='ocrx_word' id='word_1_263' title='bbox 2620 3326 2723 3361; x_wconf 90' lang='lat' dir='ltr'><strong>un-</strong></span> 
     </span>
    </p>
   </div>
   <div class='ocr_carea' id='block_1_7' title="bbox 481 3389 2740 4438">
    <p class='ocr_par' dir='ltr' id='par_1_8' title="bbox 481 3389 2740 4169">
     <span class='ocr_line' id='line_1_30' title="bbox 570 3389 2724 3468; baseline -0.004 -11"><span class='ocrx_word' id='word_1_264' title='bbox 570 3403 747 3459; x_wconf 86' lang='lat' dir='ltr'><strong>culus</strong></span> <span class='ocrx_word' id='word_1_265' title='bbox 804 3405 838 3455; x_wconf 84' lang='lat'><strong>2</strong></span> <span class='ocrx_word' id='word_1_266' title='bbox 896 3406 1027 3452; x_wconf 85' lang='lat' dir='ltr'><strong>cent.</strong></span> <span class='ocrx_word' id='word_1_267' title='bbox 1089 3395 1267 3468; x_wconf 81' lang='lat' dir='ltr'><strong>longus</strong></span> <span class='ocrx_word' id='word_1_268' title='bbox 1323 3392 1641 3455; x_wconf 87' lang='lat' dir='ltr'><strong>succulentus</strong></span> <span class='ocrx_word' id='word_1_269' title='bbox 1697 3389 1986 3464; x_wconf 78' lang='lat' dir='ltr'><strong>pubescens·</strong></span> <span class='ocrx_word' id='word_1_270' title='bbox 2091 3395 2153 3444; x_wconf 87' lang='lat' dir='ltr'><strong>ln</strong></span> <span class='ocrx_word' id='word_1_271' title='bbox 2213 3390 2377 3445; x_wconf 89' lang='lat' dir='ltr'><strong>medio</strong></span> <span class='ocrx_word' id='word_1_272' title='bbox 2437 3392 2724 3465; x_wconf 85' lang='lat' dir='ltr'><strong>pedunculo</strong></span> 
     </span>
     <span class='ocr_line' id='line_1_31' title="bbox 576 3477 2720 3564; baseline -0.003 -20"><span class='ocrx_word' id='word_1_273' title='bbox 576 3486 851 3564; x_wconf 87' lang='lat' dir='ltr'><strong>aliquando</strong></span> <span class='ocrx_word' id='word_1_274' title='bbox 894 3482 1064 3538; x_wconf 88' lang='lat' dir='ltr'><strong>adhuc</strong></span> <span class='ocrx_word' id='word_1_275' title='bbox 1126 3481 1358 3537; x_wconf 78' lang='lat' dir='ltr'><strong>foliolum</strong></span> <span class='ocrx_word' id='word_1_276' title='bbox 1422 3478 1581 3533; x_wconf 84' lang='lat' dir='ltr'><strong>sessile</strong></span> <span class='ocrx_word' id='word_1_277' title='bbox 1640 3480 1880 3552; x_wconf 86' lang='lat' dir='ltr'><strong>exiguum</strong></span> <span class='ocrx_word' id='word_1_278' title='bbox 1936 3477 2291 3533; x_wconf 80' lang='lat' dir='ltr'><strong>lanoeolatum.</strong></span> <span class='ocrx_word' id='word_1_279' title='bbox 2395 3486 2720 3537; x_wconf 85' lang='lat' dir='ltr'><strong>Amentum</strong></span> 
     </span>
     <span class='ocr_line' id='line_1_32' title="bbox 481 3564 2719 3653; baseline -0.002 -24"><span class='ocrx_word' id='word_1_280' title='bbox 481 3600 483 3602; x_wconf 47' lang='lat'><strong><em>¹</em></strong></span> <span class='ocrx_word' id='word_1_281' title='bbox 573 3574 915 3653; x_wconf 72' lang='lat' dir='ltr'><strong>cylindricum</strong></span> <span class='ocrx_word' id='word_1_282' title='bbox 960 3573 1140 3639; x_wconf 67' lang='lat'>1—1}</span> <span class='ocrx_word' id='word_1_283' title='bbox 1183 3577 1315 3622; x_wconf 85' lang='lat' dir='ltr'><strong>cent.</strong></span> <span class='ocrx_word' id='word_1_284' title='bbox 1373 3566 1605 3639; x_wconf 84' lang='lat' dir='ltr'><strong>longum.</strong></span> <span class='ocrx_word' id='word_1_285' title='bbox 1692 3568 1979 3618; x_wconf 87' lang='lat' dir='ltr'><strong>Bracteac</strong></span> <span class='ocrx_word' id='word_1_286' title='bbox 2030 3564 2394 3633; x_wconf 85' lang='lat' dir='ltr'><strong>subconfertae,</strong></span> <span class='ocrx_word' id='word_1_287' title='bbox 2455 3587 2719 3640; x_wconf 82' lang='lat' dir='ltr'><strong>carnosae,</strong></span> 
     </span>
     <span class='ocr_line' id='line_1_33' title="bbox 569 3651 2713 3740; baseline 0 -26"><span class='ocrx_word' id='word_1_288' title='bbox 569 3662 802 3740; x_wconf 80' lang='lat' dir='ltr'><strong>glabrae,</strong></span> <span class='ocrx_word' id='word_1_289' title='bbox 831 3656 1168 3721; x_wconf 88' lang='lat' dir='ltr'><strong>orbiculares,</strong></span> <span class='ocrx_word' id='word_1_290' title='bbox 1196 3655 1443 3727; x_wconf 87' lang='lat' dir='ltr'><strong>peltatac,</strong></span> <span class='ocrx_word' id='word_1_291' title='bbox 1489 3651 1777 3707; x_wconf 78' lang='lat' dir='ltr'><strong>brevissime</strong></span> <span class='ocrx_word' id='word_1_292' title='bbox 1825 3651 2161 3726; x_wconf 84' lang='lat' dir='ltr'><strong>pedicellatae.</strong></span> <span class='ocrx_word' id='word_1_293' title='bbox 2250 3657 2528 3711; x_wconf 89' lang='lat' dir='ltr'><strong>Stamina</strong></span> <span class='ocrx_word' id='word_1_294' title='bbox 2560 3664 2594 3713; x_wconf 88' lang='grc'>2</span> <span class='ocrx_word' id='word_1_295' title='bbox 2643 3660 2713 3714; x_wconf 87' lang='lat' dir='ltr'><strong>la·</strong></span> 
     </span>
     <span class='ocr_line' id='line_1_34' title="bbox 572 3739 2717 3815; baseline 0 -14"><span class='ocrx_word' id='word_1_296' title='bbox 572 3748 779 3814; x_wconf 68' lang='lat' dir='ltr'><strong>tei-alia,</strong></span> <span class='ocrx_word' id='word_1_297' title='bbox 842 3743 1189 3798; x_wconf 85' lang='lat' dir='ltr'><strong>filamentis</strong></span> <span class='ocrx_word' id='word_1_298' title='bbox 1245 3741 1466 3808; x_wconf 83' lang='lat' dir='ltr'><strong>exsertis,</strong></span> <span class='ocrx_word' id='word_1_299' title='bbox 1519 3739 1668 3794; x_wconf 88' lang='lat' dir='ltr'><strong>anth</strong></span> <span class='ocrx_word' id='word_1_300' title='bbox 1682 3741 1802 3795; x_wconf 90' lang='lat' dir='ltr'><strong>eris</strong></span> <span class='ocrx_word' id='word_1_301' title='bbox 1852 3739 2062 3794; x_wconf 85' lang='lat' dir='ltr'><strong>fusculis</strong></span> <span class='ocrx_word' id='word_1_302' title='bbox 2119 3741 2427 3815; x_wconf 86' lang='lat' dir='ltr'><strong>subglobosis</strong></span> <span class='ocrx_word' id='word_1_303' title='bbox 2472 3744 2717 3802; x_wconf 89' lang='lat' dir='ltr'><strong>bilocula·</strong></span> 
     </span>
     <span class='ocr_line' id='line_1_35' title="bbox 570 3828 2715 3901; baseline 0 -12"><span class='ocrx_word' id='word_1_304' title='bbox 570 3841 740 3901; x_wconf 76' lang='lat' dir='ltr'><strong>ribus,</strong></span> <span class='ocrx_word' id='word_1_305' title='bbox 776 3832 949 3888; x_wconf 89' lang='lat' dir='ltr'><strong>loculis</strong></span> <span class='ocrx_word' id='word_1_306' title='bbox 977 3840 1109 3884; x_wconf 88' lang='lat' dir='ltr'><strong>arcte</strong></span> <span class='ocrx_word' id='word_1_307' title='bbox 1137 3832 1394 3896; x_wconf 77' lang='lat' dir='ltr'><strong>connexis,</strong></span> <span class='ocrx_word' id='word_1_308' title='bbox 1430 3830 1651 3883; x_wconf 85' lang='lat' dir='ltr'><strong>maturis</strong></span> <span class='ocrx_word' id='word_1_309' title='bbox 1677 3828 1900 3882; x_wconf 83' lang='lat' dir='ltr'><strong>antheris</strong></span> <span class='ocrx_word' id='word_1_310' title='bbox 1929 3829 1991 3882; x_wconf 92' lang='lat' dir='ltr'><strong>ob</strong></span> <span class='ocrx_word' id='word_1_311' title='bbox 2023 3829 2209 3884; x_wconf 87' lang='lat' dir='ltr'><strong>loculos</strong></span> <span class='ocrx_word' id='word_1_312' title='bbox 2237 3832 2544 3887; x_wconf 76' lang='lat' dir='ltr'><strong>confluentes</strong></span> <span class='ocrx_word' id='word_1_313' title='bbox 2569 3837 2715 3889; x_wconf 86' lang='lat' dir='ltr'><strong>semi-</strong></span> 
     </span>
     <span class='ocr_line' id='line_1_36' title="bbox 571 3916 2712 4004; baseline 0 -26"><span class='ocrx_word' id='word_1_314' title='bbox 571 3922 801 4004; x_wconf 79' lang='lat' dir='ltr'><strong>globosis.</strong></span> <span class='ocrx_word' id='word_1_315' title='bbox 850 3918 1143 3975; x_wconf 89' lang='lat' dir='ltr'><strong>Ovarium</strong></span> <span class='ocrx_word' id='word_1_316' title='bbox 1178 3916 1453 3991; x_wconf 86' lang='lat' dir='ltr'><strong>oblongum</strong></span> <span class='ocrx_word' id='word_1_317' title='bbox 1482 3916 1676 3984; x_wconf 77' lang='lat' dir='ltr'><strong>sessile,</strong></span> <span class='ocrx_word' id='word_1_318' title='bbox 1709 3917 1997 3988; x_wconf 82' lang='lat' dir='ltr'><strong>stigmate</strong></span> <span class='ocrx_word' id='word_1_319' title='bbox 2023 3919 2245 3986; x_wconf 89' lang='lat' dir='ltr'><strong>minuto,</strong></span> <span class='ocrx_word' id='word_1_320' title='bbox 2275 3921 2473 3976; x_wconf 81' lang='lat' dir='ltr'><strong>antico?</strong></span> <span class='ocrx_word' id='word_1_321' title='bbox 2526 3925 2712 3979; x_wconf 89' lang='lat' dir='ltr'><strong>Bacca</strong></span> 
     </span>
     <span class='ocr_line' id='line_1_37' title="bbox 568 4003 2740 4081; baseline -0.004 -8"><span class='ocrx_word' id='word_1_322' title='bbox 568 4018 761 4079; x_wconf 68' lang='lat' dir='ltr'><strong>nimus,</strong></span> <span class='ocrx_word' id='word_1_323' title='bbox 801 4008 969 4073; x_wconf 78' lang='lat' dir='ltr'><strong>fusca,</strong></span> <span class='ocrx_word' id='word_1_324' title='bbox 1013 4005 1312 4079; x_wconf 77' lang='lat' dir='ltr'><strong>cylindrica,</strong></span> <span class='ocrx_word' id='word_1_325' title='bbox 1358 4003 1681 4078; x_wconf 86' lang='lat' dir='ltr'><strong>pedicellata,</strong></span> <span class='ocrx_word' id='word_1_326' title='bbox 1727 4004 2030 4079; x_wconf 90' lang='lat' dir='ltr'><strong>pedicello</strong></span> <span class='ocrx_word' id='word_1_327' title='bbox 2065 4005 2269 4061; x_wconf 88' lang='lat' dir='ltr'><strong>baccam</strong></span> <span class='ocrx_word' id='word_1_328' title='bbox 2304 4008 2407 4062; x_wconf 83' lang='lat' dir='ltr'><strong>fere</strong></span> <span class='ocrx_word' id='word_1_329' title='bbox 2434 4013 2740 4081; x_wconf 51' lang='lat' dir='ltr'><strong>superantes</strong></span> 
     </span>
     <span class='ocr_line' id='line_1_38' title="bbox 566 4092 2475 4169; baseline -0.004 -13"><span class='ocrx_word' id='word_1_330' title='bbox 566 4112 753 4161; x_wconf 85' lang='lat' dir='ltr'><strong>Bacca</strong></span> <span class='ocrx_word' id='word_1_331' title='bbox 784 4115 903 4152; x_wconf 90' lang='lat' dir='ltr'><strong>cum</strong></span> <span class='ocrx_word' id='word_1_332' title='bbox 939 4093 1180 4168; x_wconf 87' lang='lat' dir='ltr'><strong>pedicello</strong></span> <span class='ocrx_word' id='word_1_333' title='bbox 1209 4096 1281 4163; x_wconf 62' lang='lat'><strong>13-</strong></span> <span class='ocrx_word' id='word_1_334' title='bbox 1312 4112 1438 4148; x_wconf 86' lang='lat' dir='ltr'><strong>mm.</strong></span> <span class='ocrx_word' id='word_1_335' title='bbox 1472 4092 1622 4168; x_wconf 85' lang='lat' dir='ltr'><strong>longa</strong></span> <span class='ocrx_word' id='word_1_336' title='bbox 1653 4096 1770 4164; x_wconf 88' lang='lat' dir='ltr'><strong>(sec.</strong></span> <span class='ocrx_word' id='word_1_337' title='bbox 1803 4113 1876 4167; x_wconf 90' lang='lat' dir='ltr'><strong>sp.</strong></span> <span class='ocrx_word' id='word_1_338' title='bbox 1908 4095 2073 4150; x_wconf 86' lang='lat' dir='ltr'><strong>Surin.</strong></span> <span class='ocrx_word' id='word_1_339' title='bbox 2105 4096 2255 4150; x_wconf 80' lang='lat' dir='ltr'><strong>Herh.</strong></span> <span class='ocrx_word' id='word_1_340' title='bbox 2286 4099 2475 4169; x_wconf 88' lang='lat' dir='ltr'><strong>propr.)</strong></span> 
     </span>
    </p>

    <p class='ocr_par' dir='ltr' id='par_1_9' title="bbox 546 4181 2711 4346">
     <span class='ocr_line' id='line_1_39' title="bbox 635 4181 2711 4264; baseline 0 -25"><span class='ocrx_word' id='word_1_341' title='bbox 635 4187 896 4264; x_wconf 77' lang='lat' dir='ltr'><strong>Specimen</strong></span> <span class='ocrx_word' id='word_1_342' title='bbox 925 4182 1323 4255; x_wconf 83' lang='lat' dir='ltr'><strong>Domingense</strong></span> <span class='ocrx_word' id='word_1_343' title='bbox 1358 4191 1557 4236; x_wconf 82' lang='lat' dir='ltr'><strong>statura</strong></span> <span class='ocrx_word' id='word_1_344' title='bbox 1600 4181 1773 4256; x_wconf 90' lang='lat' dir='ltr'><strong>paullo</strong></span> <span class='ocrx_word' id='word_1_345' title='bbox 1805 4182 2020 4250; x_wconf 89' lang='lat' dir='ltr'><strong>minore,</strong></span> <span class='ocrx_word' id='word_1_346' title='bbox 2061 4182 2235 4237; x_wconf 75' lang='lat' dir='ltr'><strong>soliis</strong></span> <span class='ocrx_word' id='word_1_347' title='bbox 2268 4181 2540 4257; x_wconf 88' lang='lat' dir='ltr'><strong>aliquando</strong></span> <span class='ocrx_word' id='word_1_348' title='bbox 2574 4186 2711 4258; x_wconf 85' lang='lat' dir='ltr'><strong>apice</strong></span> 
     </span>
     <span class='ocr_line' id='line_1_40' title="bbox 546 4269 1970 4346; baseline -0.008 -7"><span class='ocrx_word' id='word_1_349' title='bbox 546 4276 735 4340; x_wconf 70' lang='lat' dir='ltr'><strong>acutis</strong></span> <span class='ocrx_word' id='word_1_350' title='bbox 763 4284 817 4330; x_wconf 82' lang='lat' dir='ltr'><strong>et</strong></span> <span class='ocrx_word' id='word_1_351' title='bbox 845 4270 1022 4328; x_wconf 85' lang='lat' dir='ltr'><strong>subtus</strong></span> <span class='ocrx_word' id='word_1_352' title='bbox 1053 4269 1269 4326; x_wconf 81' lang='lat' dir='ltr'><strong>subinde</strong></span> <span class='ocrx_word' id='word_1_353' title='bbox 1301 4291 1462 4346; x_wconf 84' lang='lat' dir='ltr'><strong>sparse</strong></span> <span class='ocrx_word' id='word_1_354' title='bbox 1493 4270 1754 4346; x_wconf 87' lang='lat' dir='ltr'><strong>puberulis</strong></span> <span class='ocrx_word' id='word_1_355' title='bbox 1784 4270 1970 4327; x_wconf 80' lang='lat' dir='ltr'><strong>differt.</strong></span> 
     </span>
    </p>

    <p class='ocr_par' dir='ltr' id='par_1_10' title="bbox 644 4360 2707 4438">
     <span class='ocr_line' id='line_1_41' title="bbox 644 4360 2707 4438; baseline 0 -18"><span class='ocrx_word' id='word_1_356' title='bbox 644 4370 806 4437; x_wconf 76' lang='lat' dir='ltr'><strong>Piper</strong></span> <span class='ocrx_word' id='word_1_357' title='bbox 821 4365 1029 4436; x_wconf 72' lang='lat' dir='ltr'><strong>Myosm</strong></span> <span class='ocrx_word' id='word_1_358' title='bbox 1038 4380 1100 4416; x_wconf 79' lang='lat' dir='ltr'><strong>os</strong></span> <span class='ocrx_word' id='word_1_359' title='bbox 1122 4360 1297 4418; x_wconf 73' lang='lat' dir='ltr'><strong>Willd.</strong></span> <span class='ocrx_word' id='word_1_360' title='bbox 1317 4364 1511 4438; x_wconf 48' lang='lat' dir='ltr'><strong>Herm(</strong></span> <span class='ocrx_word' id='word_1_361' title='bbox 1528 4361 1707 4417; x_wconf 88' lang='lat' dir='ltr'><strong>habitu</strong></span> <span class='ocrx_word' id='word_1_362' title='bbox 1732 4361 1889 4435; x_wconf 81' lang='lat' dir='ltr'><strong>magis</strong></span> <span class='ocrx_word' id='word_1_363' title='bbox 1918 4370 2187 4430; x_wconf 82' lang='lat' dir='ltr'><strong>coarctato,</strong></span> <span class='ocrx_word' id='word_1_364' title='bbox 2212 4361 2407 4434; x_wconf 85' lang='lat' dir='ltr'><strong>petiolis</strong></span> <span class='ocrx_word' id='word_1_365' title='bbox 2423 4368 2504 4418; x_wconf 83' lang='lat'><strong>1-</strong></span> <span class='ocrx_word' id='word_1_366' title='bbox 2524 4367 2558 4419; x_wconf 88' lang='grc'>2</span> <span class='ocrx_word' id='word_1_367' title='bbox 2573 4373 2707 4420; x_wconf 82' lang='lat' dir='ltr'><strong>cent.</strong></span> 
     </span>
    </p>
   </div>
  </div>
 </body>
</html>
