3153 5134
611 372 661 412 11

600 567 961 622 statuerem
981 606 999 635 ‚
1047 575 1302 633 omnem
1347 576 1542 618 suam
1589 555 1836 620 harum
1872 558 2280 641 plantarum
2328 531 2595 644 eamque
2631 561 2728 624 lo·-

596 677 1129 762 cupletissimam
1175 676 1619 740 collectionem
1664 677 1842 740 mihi
1889 675 2184 741 tradidit
2230 678 2477 742 Liber
2509 679 2729 744 Baro
2807 728 2813 735 ·

597 798 988 862 Bnmmmus
1021 819 1099 860 DE
1129 797 1418 875 bassum,
1455 798 1651 884 cujus
1683 808 1976 882 quantus
2008 801 2105 861 sit
2138 797 2489 864 Botanices
2516 822 2726 879 amor,

576 917 786 1004 sama
829 917 1010 979 volat
1044 937 1171 1000 per
1205 916 1466 981 Orbem.
1561 914 1850 980 Tantam
1886 928 2111 981 autem
2147 917 2263 981 hoc
2299 919 2597 1006 beneficio
2628 943 2729 984 re-

593 1025 752 1102 rum
794 1059 1120 1102 novarum
1166 1047 1227 1099 et
1271 1039 1622 1099 rariorum
1674 1058 1947 1100 messem
1971 1036 2119 1124 feci
2137 1087 2155 1116 ‚
2209 1050 2284 1102 ut
2320 1040 2727 1105 Herbarium

593 1158 1108 1222 Lessertianum-
1130 1156 1663 1246 Monographiae
1694 1179 1875 1221 meae
1893 1155 2426 1244 fundamentum
2450 1160 2725 1246 praedi-

593 1300 746 1344 care
777 1278 1014 1347 nullus
1045 1276 1356 1342 dubitem.
1393 1311 1485 1328 —
1514 1274 1899 1362 Specimina
1931 1299 2100 1362 quae
2132 1281 2209 1341 in
2241 1278 2580 1344 Musaeo
2611 1281 2726 1343 ho-

597 1400 874 1464 tanico
937 1397 1179 1462 Horti
1241 1399 1471 1484 regii
1537 1396 1940 1461 Parisini
1988 1396 2293 1484 duplicia
2338 1401 2722 1479 exstabant,

590 1516 903 1583 suadente
937 1520 1354 1582 amicissimo
1396 1517 1488 1580 ΒΕ
1516 1517 1741 1583 Cnsnn
1757 1567 1775 1596 ‚
1812 1516 1978 1581 dono
2014 1519 2395 1584 obtulerunt
2427 1522 2602 1590 Viri
2632 1542 2727 1585 ce-

594 1638 939 1703 leberrimi
956 1688 973 1718 ,
1020 1659 1305 1723 quoram
1336 1634 1676 1723 indefessa
1707 1660 1872 1702 cura
1906 1638 2180 1703 celebris
2208 1640 2331 1704 ille
2363 1641 2618 1706 Hortus
2650 1645 2729 1705 in

588 1756 731 1823 dies
761 1760 1018 1824 crescit.
1065 1794 1156 1809 —
1193 1756 1510 1846 Ingentes
1537 1758 2238 1849 quastHerbarium
2267 1765 2589 1850 regium
2616 1762 2726 1826 be-

590 1878 725 1941 rol
732 1880 817 1942 in
828 1900 1006 1942 ense
1029 1876 1324 1942 recondit
1355 1900 1386 1940 e
1415 1889 1647 1941 nostro
1676 1876 1908 1942 ordine
1926 1902 2179 1968 gazas,
2210 1904 2428 1945 omnes
2456 1884 2725 1945 omnino

588 2001 665 2061 in
708 2020 905 2062 usum
939 2019 1158 2062 meum
1190 2020 1294 2061 me
1328 2010 1694 2062 convertere
1717 2001 2049 2084 potuisse,
2081 2000 2223 2068 Vir
2254 1999 2727 2066 Gravissimus

589 2121 714 2202 qui
776 2116 1224 2182 Berussiae
1269 2112 1475 2205 Regi
1526 2113 2131 2183 potentissimo
2181 2131 2245 2182 et
2289 2118 2725 2184 Eruditis-

586 2241 789 2303 simo
836 2240 914 2302 in
962 2238 1157 2301 rebus
1204 2234 1297 2301 ad
1321 2239 1643 2301 scientias
1673 2237 2122 2324 spectantibus
2154 2235 2527 2303 Summus
2561 2239 2650 2304 M
2653 2241 2721 2302 i·—

583 2361 847 2422 nister
882 2369 979 2421 est
998 2407 1016 2436 ‚
1049 2368 1330 2445 rogante
1370 2359 1621 2442 optimo
1652 2358 2069 2435 Rau-ascum,
2096 2356 2372 2447 henigne
2404 2361 2718 2422 concessit

588 2490 654 2542 et
681 2477 861 2542 mihi
893 2498 1111 2542 omnes
1142 2475 1508 2540 mittendas
1541 2499 1675 2539 esse
1684 2479 1936 2564 jussit.
2032 2475 2260 2540 Talem
2292 2489 2514 2542 autem
2542 2479 2722 2543 bene-

574 2600 920 2686 ficentiam
967 2621 1102 2685 qua
1150 2601 1227 2662 in
1278 2598 1492 2662 solum
1542 2599 1860 2662 scientiae
1892 2620 2089 2661 usum
2115 2620 2334 2687 gazae
2367 2621 2537 2663 auro
2560 2621 2717 2685 pre-

586 2722 894 2785 tiosiores
912 2768 930 2798 ‚
967 2720 1444 2785 Wmmnuown
1466 2729 1655 2803 puto,
1690 2718 2020 2783 Swmmzn
2041 2767 2058 2796 ‚
2090 2718 2301 2782 Rmzn
2333 2723 2398 2781 et
2431 2719 2679 2784 PAvom
2698 2768 2716 2797 ‚

587 2842 992 2906 Hunnonn‘rn
1026 2852 1088 2903 et
1121 2840 1483 2904 Bonnam
1501 2888 1518 2917 ‚
1572 2839 1787 2903 ann
1806 2888 1823 2917 ‚
1887 2838 2225 2904 CnAmssm
2272 2850 2333 2901 et
2383 2839 2716 2903 Solimon·-

590 2984 919 3040 munna,
983 2962 1264 3024 memn
1282 3008 1299 3037 ,
1343 2959 1689 3023 .Sm,1,ow11
1751 2959 2117 3043 specimina
2163 2958 2543 3045 originalia
2609 2953 2727 3047 (ad

586 3104 756 3168 quae
801 3093 1128 3165 tanquam
1176 3077 1269 3142 ad
1314 3080 1534 3141 vivam
1580 3075 1919 3163 fidamque
1952 3089 2303 3141 auctorum
2334 3097 2545 3142 vocem
2558 3080 2725 3165 jam

578 3222 939 3289 provocare
995 3196 1218 3285 liceat)
1268 3210 1463 3262 extra
1494 3196 1787 3283 Imperii
1796 3197 1980 3284 fines
2013 3199 2091 3259 in
2111 3200 2554 3285 peregrinam
2586 3189 2752 3259 ter-v

587 3344 743 3386 ram
795 3303 1272 3384 liberalissime
1320 3320 1699 3381 mittuntur
1717 3367 1734 3396 ‚
1783 3318 2099 3380 scientiae
2121 3315 2381 3405 gaudeo
2417 3328 2478 3379 et
2512 3338 2719 3379 exem·—

579 3443 781 3529 plum
804 3462 976 3527 pono
1008 3441 1309 3503 omnium
1341 3440 1727 3502 imitatione
1761 3436 2271 3526 dignissimum.
2349 3429 2494 3501 Nec
2513 3438 2723 3498 deerit

574 3564 807 3648 pietas
855 3562 1085 3625 animo
1119 3570 1307 3623 tanto
1341 3558 1638 3645 beneficio
1674 3557 1988 3621 devincto.

616 3747 619 3750 ,
678 3679 890 3747 Nihil
915 3677 1115 3742 aliud
1125 3700 1301 3741 nunc
1317 3677 1492 3741 mihi
1510 3676 1722 3740 deesse
1740 3675 2090 3740 videbatur
2106 3696 2311 3760 quam
2334 3675 2731 3760 Piperaceae

591 3800 832 3866 Indiae
848 3798 1204 3863 orientalis
1222 3819 1384 3882 quae
1399 3797 1522 3861 sub
1542 3796 1933 3887 Anglorum
1938 3807 2267 3882 potestate
2282 3808 2378 3859 est
2392 3846 2407 3875 ‚
2436 3810 2729 3880 quarum

592 3932 766 3985 certo
781 3922 1106 4007 majorem
1108 3929 1382 4004 partem
1398 3920 1579 3981 inter
1585 3917 1873 4003 plantas
1891 3919 2122 3996 siccas,
2141 3938 2309 4001 quas
2327 3914 2726 3979 adhortante

590 4043 979 4107 WAmcmo
1002 4037 1370 4103 Societas
1398 4037 1580 4125 Any
1599 4037 2019 4102 lo-Indica
2039 4036 2377 4124 indefessa
2397 4035 2600 4099 illius
2616 4036 2724 4096 ina-

593 4160 867 4226 dustria
917 4160 1158 4249 colligi
1207 4171 1559 4223 curaverat
1594 4171 1656 4222 et
1686 4162 1763 4223 in
1793 4162 2110 4224 scientiae
2141 4181 2340 4223 usum
2373 4155 2728 4222 Botanicis

602 4282 976 4347 liberaliter
1038 4282 1364 4348 obtulerat
1384 4332 1398 4360 ‚
1468 4295 1725 4349 exstare
1749 4294 1754 4298 ’
1776 4285 2157 4369 suspicatus
2177 4330 2191 4359 ‚
2243 4279 2533 4365 frustra
2581 4292 2730 4339 vero
