3153 5134
1640 391 1721 452 16

606 600 692 669 ob
726 599 1070 670 exilitatem
1113 611 1180 665 et
1215 596 1528 666 minorem
1582 591 2089 686 pelluciditatem
2145 595 2359 662 deesse
2404 593 2727 671 videntur.

605 724 745 791 Mox
780 721 847 787 in
884 718 1385 810 parenchymate
1414 730 1592 785 totae
1620 716 1978 798 demersae,
2018 737 2163 784 mox
2198 715 2267 781 in
2294 738 2422 784 una
2454 718 2729 789 alterave

600 839 936 930 superficie
983 816 1289 919 emersae,
1337 836 1405 903 in
1444 835 1840 926 quibusdam
1885 835 2080 903 etiam
2127 834 2436 926 utrinque
2485 837 2720 906 hemis-

603 958 901 1049 phaerice
949 957 1353 1049 prominent,
1414 955 1512 1024 uti
1562 955 1631 1022 in
1677 954 2305 1045 Pothomorphes
2354 956 2723 1046 speciebus,

606 1077 851 1168 saepius
884 1076 1164 1144 nitentes
1193 1072 1603 1155 laevissimae,
1647 1073 1877 1155 flavae,
1919 1074 2133 1142 fuscae
2150 1123 2170 1155 ,
2207 1075 2305 1141 vel
2338 1073 2727 1166 nigricantes

607 1214 676 1268 et
708 1212 787 1266 ut
817 1197 888 1263 in
921 1195 1179 1287 reliquis
1211 1194 1527 1286 plerisque
1554 1195 1795 1285 plantis
1831 1218 1869 1262 e
1913 1194 2347 1286 compactiore
2379 1210 2559 1265 textu
2593 1198 2731 1264 cel-

607 1316 792 1387 lulari
821 1316 1153 1384 formatae
1177 1351 1270 1367 ——-
1293 1312 1473 1394 Pili,
1500 1313 1613 1402 qui
1641 1336 1786 1382 raro
1807 1314 2074 1397 desunt,
2099 1336 2349 1405 semper
2373 1314 2738 1400 articulati,

609 1437 679 1504 in
711 1433 943 1526 pagina
969 1432 1271 1501 infieriore
1294 1431 1759 1535 frequentiores
1787 1456 1860 1500 ac
1890 1433 1959 1500 in
1985 1434 2345 1525 superiore,
2383 1435 2604 1503 molles
2632 1436 2729 1503 vel

609 1554 836 1646 rigidi,
885 1552 1160 1644 appressi
1192 1552 1291 1620 vel
1318 1552 1556 1642 patuli,
1603 1552 1879 1621 subinde
1913 1553 2234 1644 duplicis
2215 1577 2286 1620 m
2321 1555 2549 1624 eodem
2579 1555 2733 1624 folio

606 1672 888 1765 generis,
934 1671 1230 1740 fortiores
1275 1695 1467 1761 supra
1518 1694 1743 1742 nervos
1774 1673 2061 1764 dispositi
2105 1673 2457 1743 setiformes
2470 1726 2489 1758 ‚
2535 1691 2604 1744 et
2637 1690 2732 1743 te-

613 1793 895 1874 nuiores;
945 1805 1158 1860 aetate
1186 1790 1416 1858 sensim
1447 1791 1634 1881 copia
1670 1793 2009 1876 diminuti,
2042 1795 2155 1862 sed
2189 1794 2514 1886 rigiditate
2557 1796 2730 1864 aucti

611 1913 682 1981 in
709 1911 942 2003 pagina
974 1909 1297 2001 superiore
1327 1909 1555 2002 exiguo
1587 1912 1923 2003 pulvinulo
1960 1914 2448 1983 verrucaeformi
2484 1915 2702 1983 inserti
2716 1967 2734 1996 ‚

614 2031 730 2123 qui
776 2031 909 2121 pilo
956 2031 1216 2120 delapso
1267 2030 1469 2122 magis
1513 2032 1815 2124 emergit,
1863 2033 2103 2102 cellulis
2152 2043 2300 2101 aere
2334 2034 2592 2124 repletis
2623 2059 2736 2105 ex·-

614 2150 838 2231 .tensis,
873 2149 1432 2241 rigidescentibuS,
1472 2151 1931 2233 albicantibus,
1974 2153 2155 2220 unde
2186 2153 2418 2244 pagina
2449 2154 2736 2245 superior

619 2270 893 2339 verrucis
938 2268 1096 2337 albis
1126 2291 1309 2360 saepe
1356 2271 1616 2341 bullosis
1662 2271 1894 2339 scabris
1931 2294 2147 2362 aspera
2179 2272 2508 2354 redditur,
2556 2274 2734 2362 quod

620 2405 836 2460 tamen
881 2389 949 2457 in
995 2389 1345 2481 Pipereis
1395 2392 1583 2461 Novi
1635 2390 1899 2472 Orbis,
1945 2390 2235 2482 inprimis
2269 2392 2563 2483 pluribus
2600 2395 2735 2461 Ar·-

622 2511 935 2579 tanthes
971 2510 1300 2602 speciebus
1330 2511 1525 2604 longe
1568 2510 1971 2602 frequentius
2003 2512 2371 2583 observatur
2403 2536 2475 2581 ac
2511 2513 2580 2581 in
2613 2536 2740 2606 ge·

622 2632 1100 2723 rontogaeis.
1201 2635 1427 2700 Forma
1465 2629 1770 2701 foliorum
1815 2618 2164 2702 arctissimo
2207 2655 2374 2700 nexu
2409 2639 2738 2701 cum'ner—

621 2776 844 2822 vorum
876 2750 1329 2820 distributione
1344 2753 1675 2834 cohaeret,
1707 2751 1797 2821 ita
1814 2766 1919 2835 ut,
1959 2776 2093 2843 quo
2109 2753 2309 2845 magis
2325 2753 2501 2820 nervi
2517 2751 2740 2822 [brtio-

620 2895 718 2941 res
747 2894 955 2940 versus
980 2871 1155 2939 basin
1171 2872 1302 2940 sint
1318 2873 1776 2963 approximati,
1796 2874 2144 2943 eolatiores
2160 2873 2432 2940 laminae
2463 2871 2612 2940 sint.
2660 2875 2739 2938 In

621 2991 789 3061 foliis
819 2991 954 3059 basi
988 2992 1452 3084 inaequalibus,
1502 2992 1681 3060 nervi
1732 2991 1926 3060 etiam
1975 2992 2045 3058 in
2094 3006 2375 3080 utroque
2407 2989 2607 3057 latere
2644 2990 2743 3057 in-

623 3112 914 3202 aequales
957 3127 1130 3182 sunt.
1178 3149 1271 3167 --
1307 3114 1647 3179 Caeterum
1689 3111 1841 3179 folia
1891 3107 2142 3200 semper
2178 3110 2426 3200 integra
2458 3123 2527 3175 et
2570 3109 2742 3175 inte-

624 3230 898 3323 gerrima
953 3245 1136 3314 sunt;
1200 3230 1563 3321 aliquando}
1596 3252 1820 3319 margo
1845 3233 1846 3236 ’
1871 3228 2144 3296 laminae
2189 3240 2567 3294 extenuatus
2610 3227 2746 3295 fere

623 3350 1008 3420 crenulatim
1038 3352 1134 3419 vel
1164 3349 1451 3418 serratim
1485 3348 1797 3429 finditur,
1834 3346 2124 3437 inprimis
2166 3347 2234 3413 in
2274 3347 2747 3415 senescentibus

626 3469 821 3551 foliis,
870 3470 993 3537 alia
1041 3492 1298 3560 prorsus
1347 3468 1610 3538 ratione
1647 3489 1722 3534 ac
1768 3466 1838 3532 in
1888 3465 2051 3534 foliis
2097 3488 2241 3534 vere
2286 3466 2538 3534 serratis
2557 3518 2574 3548 ,
2630 3468 2743 3536 ubi

626 3602 978 3658 serraturae
1021 3611 1171 3656 cum
1225 3588 1600 3656 venularum
1649 3584 2104 3653 distributione
2153 3577 2519 3655 cohaerent.

720 3707 913 3792 Quod
938 3706 1025 3773 ad
1048 3706 1349 3776 foliorum
1378 3707 1448 3773 in
1475 3706 1738 3797 siugulis
1762 3704 2110 3773 individuis
2143 3703 2572 3776 evolutionem
2603 3707 2752 3777 atti-

631 3841 748 3894 net
761 3876 780 3908 ,
828 3826 928 3892 lex
973 3826 1441 3915 propemodum
1488 3824 1799 3917 generalis
1833 3838 1927 3892 est
1941 3877 1957 3907 ,
2004 3825 2156 3895 folia
2190 3825 2491 3896 inferiora
2524 3842 2592 3895 et
2621 3842 2752 3896 sto·

631 3947 857 4015 Ionum
905 3967 1035 4011 esse
1080 3943 1332 4034 longius
1384 3945 1721 4035 petiolata,
1769 3945 2043 4034 majora,
2091 3947 2293 4039 magis
2335 3947 2718 4038 aequilatera
2734 3998 2753 4028 ,

633 4066 892 4144 latiora,
955 4063 1161 4130 nervis
1209 4064 1294 4131 ad
1347 4064 1528 4132 basin
1582 4064 1782 4156 magis
1829 4066 2313 4155 approximatis,
2375 4066 2552 4132 haud
2612 4088 2755 4133 raro

643 4183 1079 4278 digitinervia,
1126 4184 1286 4252 dum
1329 4184 1650 4276 superiora
1686 4185 1937 4254 brevius
1971 4186 2307 4278 petiolata,
2356 4183 2751 4275 angustiora,

638 4303 995 4393 obliquiora
1015 4352 1035 4384 ,
1104 4304 1310 4374 nervis
1374 4305 1677 4374 remotius
1743 4331 1779 4373 a
1843 4306 1979 4375 basi
2029 4305 2220 4388 ortis,
2290 4303 2614 4394 multipli2
2663 4305 2755 4372 vel
