3153 5134
1455 353 1529 415 41

452 596 463 599 ·
523 567 587 627 Ba
637 559 744 626 His
789 560 960 627 effici
995 558 1283 641 videtur,
1334 560 1817 650 Piperacearum
1867 560 2176 627 limites
2215 549 2555 629 isotherss-

433 679 671 748 micas
716 679 786 747 in
819 694 1093 770 utraque
1128 680 1559 770 hemisphaera
1595 703 1823 770 parum
1858 679 2131 747 diversas
2181 704 2299 749 nec
2339 696 2555 748 tamen

435 800 700 869 omnino
724 801 1057 890 aequales,
1096 800 1163 866 in
1195 800 1628 891 hemisphaera
1658 799 1914 868 australi
1935 800 2241 890 usquead
2263 800 2561 869 ῙΟ-·-’12ο

444 921 540 1010 (in
590 923 757 989 Nova
805 921 1141 988 Zeelandia
1182 934 1260 987 -et
1311 923 1524 988 Prom.
1580 923 1794 989 Bonae
1846 919 2043 1011 Spei),
2097 921 2164 987 in
2203 921 2443 990 boreali
2480 922 2565 987 ad

450 1045 560 1108 15⁰
587 1041 804 1110 caloris
838 1040 1034 1108 medii
1078 1040 1169 1132 (in
1203 1040 1568 1129 California)
1619 1041 1973 1132 pervenire.

534 1288 595 1350 9.
643 1281 844 1354 Facile
882 1284 1025 1372 jam
1073 1281 1457 1373 intelligitur
1476 1335 1492 1368 ,
1561 1281 2038 1374 Piperacearum
2091 1307 2280 1375 supra
2329 1278 2570 1351 telluris

440 1401 842 1493 superficiem
891 1401 1409 1470 distributionem
1459 1425 1593 1470 non
1643 1427 1677 1470 a
1728 1405 1861 1472 solo
1911 1404 2024 1470 cal
2040 1426 2168 1472 ore
2221 1404 2317 1471 vel
2354 1405 2569 1471 medio

444 1522 542 1589 vel
572 1545 692 1614 pro
726 1522 908 1589 variis
941 1522 1096 1588 anni
1143 1523 1537 1613 temporibus
1565 1537 1944 1614 computato
1978 1525 2261 1614 pendere
2295 1524 2409 1591 sed
2443 1523 2576 1591 aliis

443 1643 640 1711 etiam
688 1642 888 1711 causis
934 1641 1277 1734 geologicis
1310 1643 1406 1709 vel
1437 1642 1726 1710 cosmicis
1756 1642 2039 1710 obedire.
2132 1647 2209 1710 In
2243 1643 2573 1711 univesum

447 1775 741 1844 constat,
803 1762 1214 1830 maximum
1264 1785 1483 1829 earum
1536 1784 1879 1829 numerum
1933 1762 2003 1829 in
2054 1763 2407 1830 America
2454 1786 2577 1830 ca-

450 1884 614 1950 lida
666 1882 836 1950 inter
885 1883 1333 1974 capricornum
1384 1896 1451 1950 et
1506 1889 1623 1951 30⁰
1670 1886 1733 1949 L.
1768 1885 1837 1950 Β.
1874 1883 2184 1973 generari.
2276 1887 2355 1949 In
2404 1885 2580 1952 Asia

450 2003 761 2095 tropica
815 2018 951 2072 tam
999 2003 1378 2073 continente
1428 2027 1624 2094 quam
1661 2003 2083 2095 Archipelago
2129 2003 2437 2072 sundaico
2471 2028 2578 2074 co-

447 2123 657 2214 piosae
690 2125 960 2214 quidem
992 2140 1060 2191 et
1090 2124 1332 2215 ubique
1377 2124 1693 2214 dispersae
1731 2128 1769 2216 ξ
1804 2124 2028 2191 saltem
2061 2138 2314 2213 partem
2347 2125 2579 2191 sistunt

451 2265 666 2311 earum
715 2267 872 2334 quas
925 2267 1125 2312 novus
1178 2243 1347 2312 orbis
1390 2244 1625 2335 gignit.
1728 2243 1984 2311 Abhinc
2035 2266 2274 2335 paucae
2322 2257 2579 2319 tantum

458 2364 592 2454 (sed
642 2363 823 2453 aliae)
873 2363 942 2430 in
990 2364 1487 2456 Polynesiam
1541 2378 1924 2457 evagantur,
1980 2378 2046 2431 et
2090 2365 2308 2455 paullo
2355 2364 2581 2453 majori

441 2506 725 2553 -numero
760 2507 967 2551 versus
1018 2483 1336 2551 Africae
1376 2484 1596 2552 littora
1631 2485 1958 2554 orientalia
1995 2483 2377 2576 divergunt‚
2424 2507 2583 2575 pau-

452 2604 712 2672 cissimis
762 2604 830 2670 in
880 2605 1260 2673 occidentali
1314 2606 1452 2694 ejus
1496 2606 1716 2673 littore
1759 2605 2012 2696 genitis.
2104 2605 2286 2671 Haud
2322 2604 2589 2671 difficile

453 2738 547 2791 oet
568 2775 585 2804 ‚
614 2746 733 2814 pro
765 2724 1026 2815 sing-ulis
1062 2724 1413 2813 majoribus
1448 2724 1815 2814 agminibus
1836 2775 1852 2804 ,
1891 2724 1959 2790 in
1992 2747 2160 2814 quae
2194 2748 2267 2791 ex
2302 2723 2582 2815 partium

450 2843 691 2912 fabrica
746 2844 1120 2935 Piperaceae
1167 2843 1587 2924 dividuntur,
1654 2843 1967 2933 dispersus
2020 2857 2243 2910 centra
2278 2843 2580 2911 invenire.

456 2964 559 3033 Sic
611 2965 1051 3056 Peperomieae
1100 2963 1336 3031 sistunt
1389 2963 1653 3031 Tribum
1710 2963 2156 3055 amphigaeam
2177 3016 2194 3044 ,
2260 2986 2299 3031 e
2354 2964 2590 3031 centris

455 3083 635 3175 quasi
672 3085 961 3166 duobuS,
996 3107 1129 3153 uno
1165 3084 1233 3150 in
1267 3086 1471 3151 Novo
1503 3084 1728 3164 Orbe,
1770 3084 1970 3151 altero
2003 3084 2071 3150 in
2104 3083 2380 3150 insulis
2413 3108 2496 3151 su
2513 3105 2588 3149 n-

457 3204 705 3272 daicis
731 3203 892 3276 sito.
939 3202 1334 3284 radiantem,
1371 3203 1438 3269 in
1474 3203 1900 3295 Polynesia
1937 3217 2004 3270 et
2035 3203 2587 3295 Africa-depau-

456 3339 765 3417 peratam.
804 3323 1182 3416 Pipereae
1206 3337 1348 3390 tum
1370 3322 1439 3389 in
1465 3325 1665 3392 Novo
1690 3325 1896 3391 Orbe
1915 3325 2379 3415 prospeciebus
2405 3326 2582 3392 her-

458 3443 1024 3536 maphroditiS,
1074 3457 1215 3510 tum
1252 3444 1318 3510 in
1357 3444 1608 3511 veteri
1645 3466 1763 3533 pro
1804 3443 2241 3512 diclinibus
2290 3445 2590 3513 distincta

460 3564 775 3654 dispersus
804 3577 1026 3630 centra
1058 3563 1321 3644 habent,
1352 3562 1439 3629 ita
1471 3577 1547 3629 ut
1566 3562 1796 3644 Afric
1815 3586 1849 3628 a
1886 3576 1954 3629 et
1984 3564 2396 3657 Polynesia
2420 3564 2592 3634 inter

456 3696 809 3772 utrumque
855 3705 1124 3772 regnum
1160 3681 1337 3772 quasi
1371 3681 1611 3749 limites
1642 3681 1887 3749 sistant.
1962 3686 2045 3750 Ex
2080 3684 2246 3751 Asia
2284 3685 2590 3776 tropica

456 3801 685 3871 eadem
732 3824 966 3893 genera
1014 3802 1099 3868 ad
1149 3801 1497 3869 Africam
1548 3826 1782 3893 paucas
1838 3802 2071 3895 species
2123 3804 2467 3887 emittunt3
2516 3805 2584 3872 in
2686 3881 2691 3886 ‚

462 3920 883 4013 Polynesia
932 3921 1132 3987 simile
1183 3935 1437 3988 tantum
1476 3943 1717 4012 genus,
1764 3923 1895 3990 scil.
1943 3923 2425 4014 Macropiper
2474 3947 2592 4015 pro

455 4041 721 4108 Chavica
755 4041 1199 4115 substitutum.
1228 4055 1294 4107 et
1332 4040 1797 4131 Pothomorphi
1850 4043 2048 4109 affine
2099 4041 2432 4131 utriusque
2476 4042 2588 4110 he-

454 4159 815 4251 misphaerii
868 4183 1066 4251 regna
1116 4157 1291 4248 quasi
1345 4160 1692 4250 conjungit
1743 4162 1969 4229 eadem
2015 4162 2263 4231 ratione
2290 4159 2583 4231 ac'Cocq-
2663 4195 2666 4196 ⁷

454 4281 802 4372 cobryon
835 4281 903 4347 in
934 4281 1179 4348 Prom.
1215 4281 1389 4345 Bon.
1425 4278 1601 4367 Spei
1636 4279 1804 4350 inter
1838 4281 2126 4372 Pipereas
2171 4281 2584 4375 hermaphro-
