3153 5134
1598 374 1734 436 108

595 579 1004 660 superioribus
1047 568 1749 653 oblongo-rhomboideis
1794 566 2265 626 subacuminatis
2281 601 2296 626 .
2337 568 2510 646 apice
2543 571 2737 629 subti-

593 684 816 744 lissime
863 677 1282 741 subserrulatis
1296 722 1314 752 ‚
1358 672 1667 734 trinerviis
1683 716 1700 746 ,
1742 670 1951 730 subtus
1985 669 2438 730 canescentibus
2470 681 2737 749 punctu·

594 786 851 866 latisque
871 829 890 861 ,
928 781 1180 842 amentis
1208 779 1476 838 breviter
1511 774 1935 854 pedunculatis
1968 772 2355 847 axillaribus,
2397 775 2737 835 terminali-

595 891 830 968 busque
845 932 864 963 ‚
904 884 1065 945 foliis
1090 881 1497 961 longioribus,
1539 876 1796 939 solitarie
1814 907 1892 920 —
1914 877 2363 957 quaternisque.

636 988 647 996 t
668 1033 827 1083 Icon.
860 1028 1142 1079 Comment.
1169 1021 1399 1096 phytogr.
1433 1017 1560 1073 Tab.
1591 1021 1679 1073 lX.
1709 1015 1801 1090 fig.
1832 1019 1889 1070 E.

679 1161 961 1223 Habitat
990 1157 1055 1217 in
1085 1155 1316 1216 insulae
1348 1154 1496 1214 Java
1531 1160 1737 1213 monte
1762 1150 1938 1211 Salak
1963 1169 2144 1228 super
2177 1149 2464 1209 arborum
2492 1156 2739 1211 truncos

599 1277 662 1329 et
691 1265 770 1327 ad
800 1265 961 1342 ripas
988 1259 1164 1320 fluvii
1189 1258 1406 1337 Tjapus
1431 1256 1592 1316 inter
1619 1274 1754 1315 saxa
1779 1260 2129 1313 cataractae
2156 1250 2437 1312 basaltica
2469 1269 2736 1312 muscosa

602 1368 872 1450 (Blume!
911 1364 952 1423 l.
986 1382 1038 1424 c.
1069 1370 1132 1422 et
1165 1361 1232 1420 in
1267 1360 1443 1420 Herb.
1479 1378 1604 1436 reg.
1636 1355 1826 1435 Lugd.
1866 1352 2013 1434 Bat.)

670 1505 928 1563 Suffrutex
974 1503 1058 1557 vix
1101 1499 1293 1574 pedalis
1329 1516 1589 1565 carnosae,
1634 1495 1991 1571 glaber-rimus,
2043 1494 2236 1547 ramis
2280 1493 2417 1566 vagis
2453 1511 2541 1548 seu
2574 1491 2745 1547 dicho-

601 1590 1070 1657 tome-uniseriatis,
1111 1588 1255 1644 siccis
1297 1585 1501 1640 linoetis
1538 1585 1620 1656 (in
1658 1584 1770 1637 vivo
1801 1581 2092 1651 violaceis),
2137 1579 2413 1648 teretibus,
2456 1579 2652 1635 inferne
2679 1581 2745 1635 ad

600 1684 753 1742 nodos
797 1683 881 1736 vix
925 1678 1150 1734 tumidos
1195 1674 1569 1741 radicant-ibus,
1620 1670 1917 1726 internodiis
1968 1668 2225 1725 brevibus.
2296 1668 2748 1738 Foliaaltema,

599 1771 904 1826 interiora
932 1763 1336 1838 brevi-petiolata
1358 1781 1386 1816 e
1411 1771 1625 1818 cuneata
1650 1759 1759 1813 basi
1778 1757 2015 1825 obovata,
2050 1755 2296 1832 reliqua
2326 1757 2747 1830 elliptico-oblon·

604 1855 1037 1935 go-rhomboidea,
1065 1852 1175 1906 basi
1196 1860 1434 1916 cuneata,
1462 1847 1603 1920 apice
1631 1844 2021 1900 subacuminata
2034 1882 2049 1910 ‚
2078 1843 2392 1915 marginata,
2421 1843 2749 1917 margineque

603 1944 862 2019 imprimis
905 1941 1100 2015 apicem
1145 1957 1314 1993 versus
1357 1934 1707 2010 irregulariter
1751 1943 1803 1987 et
1850 1930 2204 1986 subtilissime·
2228 1930 2539 1985 denticulata
2577 1931 2654 1985 vel
2696 1940 2749 1984 et

604 2031 956 2106 integerrima,
1003 2025 1269 2093 trinervia,
1312 2042 1467 2078 nervo
1500 2021 1669 2076 medio
1697 2019 1897 2074 fortiore
1926 2019 1987 2074 ad
2017 2018 2210 2092 apicem
2231 2027 2587 2090 percurrente,
2623 2017 2748 2077 late·

604 2120 796 2176 ralibus
823 2115 996 2192 paullo
1029 2133 1183 2186 supra
1214 2111 1441 2166 medium
1482 2109 1670 2164 folium
1708 2105 2139 2172 evanescentibuS,
2182 2123 2304 2159 cum
2339 2104 2496 2158 ramis
2525 2124 2554 2158 e
2584 2103 2751 2159 medio

605 2226 757 2264 nervo
783 2199 1268 2261 anastomosantibus
1294 2199 1430 2254 varie
1447 2198 1672 2272 junctiS,
1705 2206 1758 2274 et
1782 2196 1837 2249 in
1865 2195 2050 2268 pagina
2072 2193 2306 2248 inferiore
2334 2193 2515 2247 saltem
2548 2213 2749 2249 cernen-

603 2298 699 2353 dis.
773 2293 946 2350 Folia
973 2288 1291 2362 superiora
1321 2285 1644 2342 inferioribus
1676 2283 1898 2356 majora,
1942 2289 2081 2338 3-’-5
2119 2292 2254 2337 cent.
2295 2282 2470 2356 longa,
2518 2287 2657 2336 2--3
2690 2283 2746 2337 in

601 2383 770 2440 medio
797 2380 918 2434 lata.
991 2375 1291 2449 superficies
1320 2374 1544 2447 superior
1566 2369 1877 2426 atro-viridis
1907 2370 1963 2424 in
1994 2370 2108 2424 vivo
2135 2370 2608 2424 velutino-renitens
2622 2409 2640 2438 ,
2667 2369 2747 2424 in-

603 2472 757 2528 ferior
784 2467 1266 2542 glauco-canoeoenS,
1297 2460 1393 2515 sub
1426 2460 1561 2515 lente
1592 2466 1855 2532 punctata.
1928 2461 2193 2530 Compages
2223 2457 2276 2510 in
2312 2457 2427 2512 vivo
2456 2457 2749 2512 succulenta

608 2563 666 2619 in
697 2556 842 2616 siccis
868 2551 1268 2608 membranacea.
1340 2547 1560 2603 Petioli
1592 2552 1626 2600 5
1659 2564 1789 2600 mm.
1805 2544 2010 2600 circiter
2023 2543 2157 2619 longi
2173 2543 2480 2619 etlongiores
2493 2544 2745 2600 canalicu-

607 2648 706 2705 lati
733 2647 790 2700 in
817 2644 931 2697 vivo
958 2638 1242 2695 carmosini.
1279 2640 1535 2691 Amenta
1565 2633 1818 2700 axillaria,
1849 2633 2101 2702 solitaria,
2129 2634 2659 2708 gemina,terna,imo
2687 2633 2753 2687 ad

607 2736 794 2793 folium
821 2728 1090 2785 terminale
1118 2723 1435 2791 terminalia,
1464 2721 1677 2776 subinde
1705 2731 1977 2796 quaterna,
2010 2721 2228 2776 breviter
2256 2721 2620 2795 pedunculata,
2654 2741 2749 2795 pe-

604 2819 900 2881 dunculis
936 2815 1144 2890 petiolos
1174 2811 1350 2888 paullo
1381 2810 1736 2885 superantibus
1769 2809 1823 2864 in
1864 2810 1979 2864 vivo
2016 2809 2334 2875 carmosiniS,
2374 2819 2559 2876 erecta,
2589 2819 2749 2877 recta,

608 2917 786 2983 3—4}
818 2915 949 2962 cent.
979 2904 1152 2976 longa,
1196 2901 1320 2955 folia
1347 2899 1650 2973 superantia.
1723 2899 1888 2952 Florcs
1921 2897 2350 2971 hermaphroditi,
2389 2896 2749 2952 remotiusculi.

607 3007 862 3058 Bractea
918 2996 1008 3065 (an
1053 2989 1285 3061 decidua)
1329 2988 1542 3062 oblonga
1581 2987 1757 3043 obtusa
1806 3005 2049 3053 convexa,
2090 2984 2278 3057 pallide
2320 2983 2506 3049 rubra,
2548 2984 2755 3056 punctis

610 3086 795 3144 lucidis
819 3095 1089 3154 conspersa.
1160 3078 1456 3134 Ovarium
1494 3086 1734 3142 ovatum,
1777 3074 1943 3141 laeve,
1985 3073 2101 3127 dein
2132 3072 2190 3126 in
2217 3071 2423 3125 baccam
2465 3088 2753 3137 exsuccam,

610 3175 874 3249 exig-uam,
897 3166 1068 3242 paullo
1095 3165 1298 3240 oblique
1327 3163 1642 3219 rostellatam
1671 3160 1936 3215 transiens.
2009 3158 2290 3211 Stamina
2318 3155 2421 3210 duo
2448 3175 2537 3228 pro
2562 3157 2758 3229 majore

610 3272 754 3339 parte
775 3255 1092 3323 abscondita,
1120 3252 1471 3308 filamentis
1495 3249 1755 3315 brevibus,
1780 3245 2058 3301 authoris
2087 3245 2141 3297 in
2165 3244 2334 3298 medio
2353 3243 2544 3311 affixiS,
2566 3244 2748 3311 matis,

614 3350 826 3408 sacculis
859 3346 1003 3402 valde
1041 3342 1266 3398 discretis
1297 3339 1491 3395 sordide
1528 3334 1885 3392 albicantibus.
1960 3337 2181 3386 Baccae
2222 3331 2430 3405 exiguae
2471 3332 2719 3387 rotundae
2735 3373 2752 3400 ,

609 3434 976 3501 verruculosae,
1030 3429 1250 3486 aciculae
1280 3423 1494 3500 capituli
1535 3419 1904 3496 magnitudinis
1951 3422 2066 3491 (sec.
2109 3438 2236 3492 spec.
2266 3419 2414 3477 Herb.
2444 3421 2607 3495 Lugd.
2638 3424 2751 3477 Bat.

610 3536 664 3583 et
688 3522 860 3580 Blum.
888 3529 1058 3575 annot.
1079 3518 1194 3586 cit.)

686 3611 964 3670 Varietas
1009 3602 1216 3675 major.
1248 3629 1313 3644 --
1348 3596 1562 3650 Blume
1597 3593 1632 3648 l.
1662 3611 1709 3648 c.
1750 3594 1910 3645 Tom.
1958 3594 2055 3646 Xl.
2087 3611 2138 3664 p.
2169 3596 2295 3647 230.
2330 3596 2540 3650 Enum.
2575 3614 2627 3669 p.
2662 3599 2747 3649 75.

614 3701 748 3758 toliis
777 3685 1334 3769 elliptico-lanceolatis,
1382 3681 1601 3736 amentis
1627 3678 1880 3733 brevibus·

596 3794 601 3798 ’
689 3785 945 3843 Habitat
975 3780 1031 3832 in
1064 3771 1327 3828 montibus
1357 3767 1516 3833 Gede,
1556 3766 1619 3820 ad
1655 3763 1813 3819 fontes
1840 3763 1988 3818 fluvii
2018 3764 2322 3838 Tjiburrum
2351 3777 2405 3822 et
2432 3768 2485 3823 in
2514 3767 2751 3842 rupoetri·

614 3880 713 3934 bus
741 3874 796 3929 in
826 3877 1000 3924 monte
1025 3856 1298 3936 Tjerimai,
1334 3853 1620 3910 Provinciae
1650 3851 1898 3907 Cheribon
1929 3852 2134 3922 (Blume
2162 3853 2200 3909 l.
2227 3857 2297 3925 c.)

698 4056 800 4117 68.
832 4091 835 4094 ι
900 4046 1354 4118 Peperomla
1415 4041 1993 4111 hravangensis.
2125 4036 2307 4118 Piper
2377 4038 2748 4118 laevisolium

623 4163 834 4225 Blamo
869 4153 907 4211 l.
942 4165 1121 4229 supra
1159 4146 1260 4203 cit.
1301 4162 1423 4202 var.
1463 4164 1514 4221 γ.
1550 4141 1892 4221 latifolium.
1923 4142 2097 4220 Miq.
2138 4139 2449 4199 Commeat.
2476 4141 2743 4222 phytogr.

617 4286 680 4349 p.
714 4257 813 4321 57.
893 4248 1267 4315 Glaberrima
1285 4292 1303 4323 ‚
1342 4264 1572 4305 ramosa
1590 4289 1608 4320 ‚
1649 4244 1831 4304 ramis
1870 4243 2162 4304 teretibus
2208 4241 2447 4301 inferne
2471 4245 2752 4321 repenti-

627 4370 741 4429 bus
758 4410 776 4445 ,
828 4357 987 4422 foliis
1038 4350 1284 4415 alternis
1322 4348 1563 4428 longius
1598 4348 1897 4426 petiolatis
1918 4392 1935 4425 ,
1976 4344 2278 4408 trinerviis
2296 4390 2314 4422 ,
2334 4345 2571 4407 inferne
2602 4347 2752 4408 reti-
