3153 5134
1629 369 1715 431 96

600 526 855 627 amentis
886 563 1239 626 axillaribus
1271 563 1548 626 solitariis
1563 608 1584 641 ,
1626 563 2045 626 terminalibus
2078 562 2442 643 plerumque
2473 564 2737 643 gemina·
2835 613 2841 619 .

602 669 711 745 tis,
752 668 1005 729 floribus
1041 668 1320 745 remotis,
1360 667 1637 747 stigmate
1679 669 1744 728 in
1785 669 1958 747 apice
1998 666 2191 728 ovarii
2230 667 2486 728 minuto.

671 803 845 861 Herb.
876 804 1064 860 Willd.
1095 824 1152 861 n.
1188 808 1317 859 721!
1817 873 1821 877 1

669 898 829 948 Icon.
864 892 992 948 Ruiz
1021 902 1074 948 et
1102 897 1218 948 Pav.
1251 892 1291 947 l.
1323 910 1370 946 c.
1405 889 1528 946 Tab.
1557 895 1647 946 51.
1684 890 1776 964 fig.
1807 910 1853 946 a.

682 1009 981 1074 Habitat
1020 1008 1087 1069 in
1130 1008 1387 1069 Peruvia
1424 1008 1604 1091 (Ruiz
1637 1017 1700 1068 et
1742 1008 1881 1069 Pav.
1917 1009 1955 1068 l.
2003 1007 2121 1088 e.),
2166 1008 2300 1070 lnd.
2334 1008 2529 1070 occid.
2569 1007 2747 1090 (Pon-

606 1110 852 1194 thierl),
891 1110 1004 1172 ins.
1045 1111 1120 1170 St.
1160 1109 1455 1190 Domingo
1492 1110 1800 1192 (Poiteau!
1845 1111 1912 1171 in
1949 1110 2059 1172 Hb.
2100 1111 2186 1172 De
2225 1108 2407 1189 Lesa.)

670 1250 855 1305 Planta
883 1249 1180 1304 succulenta
1207 1249 1528 1324 semipedalis
1542 1289 1560 1316 ‚
1606 1259 1775 1304 erecta
1790 1289 1807 1317 ‚
1856 1269 1926 1305 ca
1939 1251 2040 1305 ule
2068 1249 2317 1305 subtereti
2343 1269 2544 1304 sucooso
2574 1250 2755 1317 viridi,

600 1337 801 1413 glabro,
827 1338 1074 1406 flexuoso,
1108 1337 1408 1392 internodiis
1437 1341 1580 1393 2-3
1610 1348 1744 1394 cent.
1774 1338 1968 1412 longis,
1995 1337 2290 1393 dichotome
2310 1357 2535 1407 ramoso,
2564 1338 2754 1393 ramis

603 1425 969 1500 subfastigiatis
1010 1424 1350 1481 tenuioribus.
1423 1423 1600 1478 Folia
1632 1424 1827 1479 alterna
1862 1424 2117 1499 patentia,
2166 1423 2462 1479 succulenta
2498 1425 2584 1480 sed
2616 1424 2755 1481 baud

604 1533 767 1584 crassa
783 1551 800 1580 ,
845 1511 1368 1586 pellucido-punctata
1414 1513 1567 1582 (sicca
1614 1512 2155 1584 submembranacea),
2200 1513 2455 1587 petiolis
2511 1512 2757 1588 profunde

601 1600 951 1659 canaliculatis
984 1600 1304 1675 marginibus
1345 1600 1834 1669 submembranosiS‚
1877 1599 2070 1674 glabris
2104 1607 2238 1666 ἑ-1
2279 1611 2414 1657 cent.
2450 1601 2615 1676 longis
2649 1619 2756 1657 sus-

530 1747 537 1754 ,
603 1699 772 1757 tenta,
800 1688 1223 1761 ovato-elliptiea,
1254 1687 1509 1760 elliptica,
1537 1687 1648 1742 basi
1679 1687 1954 1742 rotundata
1979 1687 2178 1761 aequali
2210 1687 2267 1742 in
2297 1687 2550 1761 petiolum
2579 1686 2759 1742 subde-

607 1784 870 1844 currente,
916 1775 1308 1848 inaequilatera,
1346 1773 1505 1830 latere
1534 1775 1777 1829 exteriore
1804 1774 1858 1828 in
1890 1774 2132 1849 plurimis
2159 1774 2331 1842 valde,
2363 1776 2420 1830 in
2448 1774 2757 1850 quibusdam
2861 1828 2870 1835 l

606 1865 692 1920 vix
720 1862 924 1927 latiore,
970 1861 1111 1933 apice
1136 1859 1357 1914 breviter
1385 1860 1662 1934 aliquando
1690 1861 1777 1914 vix
1808 1862 2128 1930 acuminata,
2162 1863 2398 1917 acumine
2423 1861 2628 1929 obtuso,
2658 1861 2757 1914 mi·

609 1969 736 2006 nora
773 1953 803 2006 Δ
834 1957 969 2002 cent.
998 1946 1175 2019 longa,
1221 1950 1296 2011 2}
1322 1946 1456 2014 lata,
1504 1947 1701 2020 majora
1731 1951 1909 2015 6—6}
1945 1948 2122 2023 longa,
2166 1953 2341 2015 3ί-4
2373 1949 2511 2016 lata,
2550 1949 2756 2023 glabra,

610 2054 763 2110 supra
796 2035 927 2088 laete
968 2032 1152 2086 viridia
1195 2032 1389 2100 nitida,
1434 2033 1619 2088 subtus
1667 2034 2016 2107 pallescentis,
2066 2037 2124 2090 in
2164 2037 2295 2091 sicco
2323 2036 2558 2110 inprimis
2587 2036 2754 2108 nigm—

609 2132 883 2199 punctata,
911 2122 1158 2196 quinque-
1189 2122 1270 2176 vel
1300 2120 1860 2196 subquintuplinervia‚
1897 2143 2050 2178 nervo
2072 2123 2241 2178 medio
2263 2124 2324 2178 ad
2353 2124 2545 2195 apicem
2575 2123 2754 2191 ducto,

611 2210 910 2268 lateralibus
955 2209 1055 2264 iere
1100 2228 1260 2283 usque
1304 2209 1368 2263 ad
1414 2209 1612 2283 apicem
1659 2211 2023 2279 discernendis,
2068 2211 2269 2266 infimis
2310 2209 2658 2266 subtilissimis
2697 2229 2756 2264 ac

613 2298 873 2364 brevibus,
896 2297 1134 2351 omnibus
1155 2296 1220 2351 ad
1241 2296 1434 2350 lentem
1457 2297 2263 2366 reticulato-anastomosantibns3
2285 2307 2484 2370 praeter
2505 2297 2593 2352 hos
2605 2298 2757 2372 juxta

614 2386 866 2459 margines
896 2385 1140 2440 nervulus
1175 2384 1399 2438 decurrit
1429 2383 1494 2438 ad
1532 2384 1726 2457 apicem
1757 2405 1940 2460 usque,
1988 2386 2064 2440 ita
2094 2394 2157 2440 ut
2186 2403 2402 2439 acumen
2434 2384 2659 2440 trinerve
2687 2385 2757 2440 sit

611 2481 733 2549 (sec.
763 2493 840 2547 sp.
875 2474 977 2529 viv.
1013 2478 1156 2528 Hort.
1183 2471 1365 2543 Berol.)
1400 2506 1470 2519 —-
1500 2478 1588 2546 Sp.
1618 2473 1750 2527 sicca
1776 2473 1831 2526 in
1865 2471 1995 2528 Ind.
2024 2491 2142 2528 occ.
2173 2491 2203 2526 a
2235 2471 2302 2526 cl.
2332 2485 2594 2526 romaum
2627 2473 2758 2528 lecta

615 2586 647 2621 a
677 2562 835 2619 cultis
862 2581 966 2617 non
999 2560 1101 2615 nisi
1132 2559 1272 2615 foliis
1298 2559 1470 2634 paullo
1502 2560 1787 2616 minoribus
1814 2559 2085 2617 differunt.
2156 2566 2413 2616 Amenta
2447 2581 2476 2616 e
2514 2561 2643 2617 foliis
2672 2583 2756 2619 su·

613 2650 895 2727 perioribus
914 2648 1145 2704 axillaria
1165 2647 1411 2716 solitaria,
1432 2648 1554 2702 hinc
1574 2647 1812 2718 consta-ta,
1834 2659 2017 2718 erecta,
2041 2650 2415 2723 pedunculis
2438 2654 2611 2714 i-—H-
2626 2660 2759 2705 cent.

613 2739 777 2813 longis
804 2737 996 2812 glabris
1027 2746 1281 2805 sustenta,
1312 2741 1492 2792 9-10
1522 2747 1654 2794 cent.
1688 2737 1864 2812 longa,
1893 2738 2334 2795 temti-filiformia
2356 2740 2537 2795 obtusa
2557 2758 2762 2795 carnosa

611 2832 685 2892 1}
717 2846 845 2882 mm.
875 2842 1054 2881 crassa.
1126 2823 1328 2878 Flores
1357 2824 1524 2897 primo
1562 2825 1730 2893 densi,
1778 2826 1894 2881 dein
1931 2847 2203 2903 parumper
2239 2830 2531 2884 remotiores
2561 2839 2615 2884 et
2645 2828 2762 2883 rha-

612 2914 734 2969 chin
781 2915 837 2968 in
883 2914 1015 2968 sicco
1061 2912 1310 2985 pallidam
1357 2913 1828 2987 nigro-punctatam
1876 2913 1964 2969 bic
1999 2915 2112 2970 illic
2146 2917 2419 2985 nudantes,
2470 2916 2760 2972 annulatim

612 3002 857 3076 dispositi.
934 3005 1221 3055 Bracteae
1261 3001 1587 3055 succulentae
1615 3000 1834 3057 breviter
1860 3003 2215 3075 pedicellatae,
2247 3004 2493 3077 peltatae‚
2534 3002 2763 3058 suborbi—

613 3090 808 3145 culares
835 3089 915 3142 vel
937 3087 1500 3162 orbiculari-oblongae,
1531 3090 1588 3143 in
1613 3090 1743 3145 sicco
1761 3091 2409 3165 atro-fusco-glandulosae‚
2440 3090 2759 3162 marginibus

613 3176 984 3251 angustissimis
1011 3176 1248 3229 tenuibus
1277 3175 1500 3249 pallidis.
1576 3179 1857 3232 Stamina
1892 3183 1953 3244 2,
1984 3178 2337 3232 filamentis
2365 3177 2628 3243 brevibus,
2659 3195 2756 3231 an·

615 3263 814 3318 theris
844 3262 1031 3335 pallide
1058 3264 1363 3318 aurantiacis
1398 3264 1733 3338 subglobosi3‚
1758 3265 2152 3333 bilocularibus,
2177 3266 2359 3319 loculis
2388 3264 2758 3320 subsemiluna-

613 3348 770 3406 ribus.
843 3349 1135 3404 Ovarium
1184 3351 1325 3405 ovale
1367 3352 1464 3405 sub
1512 3353 1714 3407 bractea
1761 3352 1949 3418 latens,
1993 3353 2283 3425 stigmate
2329 3352 2509 3426 exiguo
2544 3352 2601 3407 in
2642 3349 2766 3426 ejus·

615 3438 768 3512 apice.
800 3466 868 3480 -—
905 3437 1082 3509 Piper
1114 3438 1323 3491 nitens
1356 3438 1550 3492 Riedl.
1581 3437 1618 3492 l.
1645 3458 1690 3494 c.
1717 3442 1805 3509 (an
1828 3457 1886 3492 ex
1911 3438 2182 3509 Brasilia?)
2213 3439 2358 3493 nullo
2387 3440 2536 3494 modo
2565 3438 2752 3495 differt.
2802 3482 2807 3486 .

697 3613 795 3674 47.
878 3619 1333 3688 Peperomla
1364 3617 1683 3689 obliqua
1707 3617 1876 3675 Ruiz
1898 3627 1954 3676 et
1973 3617 2120 3677 Pan.
2147 3619 2237 3677 Fl.
2257 3618 2476 3682 Peruv.
2513 3622 2669 3679 Tom.
2689 3615 2744 3678 I.

622 3717 660 3778 l.
694 3737 747 3776 c.
810 3714 996 3796 Piper
1017 3716 1181 3775 Pers.
1224 3717 1471 3796 Synops.
1517 3718 1677 3777 Tom.
1698 3717 1753 3776 Ι.
1776 3738 1842 3796 p.
1864 3717 1961 3777 35.
2018 3721 2092 3779 Ρ.
2127 3724 2532 3783 acuminatum
2566 3724 2744 3782 Limz.

617 3818 781 3899 (teste
834 3818 1122 3896 Per-soon)
1178 3819 1237 3877 V
1231 3819 1333 3878 ahl
1380 3818 1598 3879 Enum.
1663 3821 1815 3880 Tom.
1868 3820 1925 3882 Ι.
1964 3842 2018 3899 p.
2055 3821 2192 3883 342.
2281 3824 2348 3884 Ρ.
2406 3826 2746 3885 herbaceum

621 3920 759 3981 Boe.
805 3923 1044 4003 Magaz.
1108 3918 1277 3979 1822.
1359 3920 1544 3981 Caule
1596 3923 2028 4001 erectiuscu10‚
2071 3925 2229 3986 soliis
2267 3929 2514 3987 alternis
2551 3933 2746 3986 ovato·

620 4023 967 4086 lanceolatis
1000 4021 1523 4101 quinquenerviis,
1558 4021 1770 4104 acutis,
1804 4028 2055 4088 amentis
2088 4029 2503 4089 terminalibus
2531 4028 2749 4089 binatis

617 4129 717 4192 vel
756 4123 1019 4186 ternatis.
2214 4123 2217 4126 “

692 4271 850 4321 leon.
887 4264 1017 4321 Ruiz
1052 4274 1106 4319 et
1134 4268 1249 4324 Pav.
1286 4266 1323 4322 l.
1358 4287 1402 4323 c.
1433 4268 1554 4325 Tab.
1586 4276 1675 4327 51.
1706 4270 1797 4345 fig.
1831 4290 1877 4327 c.
1953 4276 2061 4326 Bot.
2095 4274 2219 4344 Mag.
2255 4271 2293 4326 l.
2322 4289 2366 4326 c.
2395 4274 2497 4324 --'?
2530 4269 2755 4325 Plumier

621 4354 838 4410 Americ.
867 4353 989 4411 Tab.
1024 4357 1109 4410 71.
