3153 5134
1388 274 1516 385 24'7

374 524 441 589 in
473 521 582 589 ins.
619 518 881 585 Mauritii
921 520 1176 605 (Sieberl
1217 542 1279 580 n.
1320 519 1451 582 165.
1485 540 1628 580 cum
1660 520 1875 601 Pipere
1911 524 2197 603 angulato
2231 530 2294 589 in
2334 523 2509 592 Hel-b,

374 648 495 710 reg.
536 628 724 689 berol.
768 635 829 686 et
869 623 1099 704 Meisn.)

440 775 605 831 Herba
649 791 855 829 carnosa
872 810 890 840 ‚
933 790 1109 844 repens
1152 768 1400 843 profunde
1446 769 1679 825 radicans
1692 810 1710 838 ‚
1755 772 2042 827 dichotome
2085 794 2277 832 ramosa
2295 816 2311 844 ,
2357 782 2513 835 ramis

360 863 567 930 erectis,
604 861 807 936 glabra,
844 860 975 915 sicea
1005 858 1250 925 coriacea,
1287 857 1496 924 nodosa,
1532 857 1680 911 caule
1711 859 1967 933 ramisque
1991 864 2268 934 tetragonis
2294 865 2351 919 in
2384 869 2513 925 siooo

361 960 579 1025 anguste
624 949 804 1015 alatis,
848 946 1149 1002 internodiis
1195 950 1340 1000 2—ss
1393 955 1524 1001 cent.
1559 944 1740 1018 longis·
1815 947 1991 1002 Folia
2029 950 2287 1022 opposita,
2331 963 2509 1024 terna,

358 1049 608 1115 quaterna
625 1077 643 1106 ‚
694 1037 969 1108 subpatula
983 1074 1000 1102 ‚
1054 1035 1184 1089 sicca
1233 1033 1473 1089 inferiora
1516 1033 1735 1088 coriaoea
1754 1073 1771 1101 ‚
1816 1035 2070 1107 superiora
2106 1041 2513 1098 membranaceo-

360 1127 582 1181 coriacea
597 1164 615 1193 ,
661 1125 906 1199 utrinque
951 1121 1128 1194 glabra
1144 1159 1161 1188 ,
1207 1120 1390 1174 subtus
1433 1119 1703 1192 pallidiora
1749 1131 1802 1176 et
1835 1122 2117 1180 laevissima
2132 1164 2149 1192 ‚
2195 1128 2515 1200 marginibus

362 1213 687 1270 subi-evoluta
708 1223 761 1268 et
784 1210 1076 1276 nervulosa,
1108 1207 1367 1281 petiolis
1396 1208 1564 1261 antice
1586 1208 1939 1264 canaliculatis
1963 1211 2173 1284 glabris,
2206 1218 2351 1269 3-6
2382 1234 2511 1272 mm.

366 1300 530 1375 longis
555 1310 804 1366 sustenta,
839 1299 982 1353 fusce
1002 1307 1054 1351 et
1076 1313 1244 1368 sparse
1269 1294 1597 1368 glandulae,
1622 1296 1865 1352 trinervia
1887 1298 1966 1352 vel
1988 1299 2509 1376 subquinquenervia‚

361 1408 516 1444 nervo
548 1389 715 1444 medio
748 1387 884 1441 infra
914 1384 1210 1459 prominulo
1242 1392 1568 1456 percurrente
1598 1385 1873 1453 costulam,
1901 1387 2138 1443 omnibus
2167 1390 2436 1446 ramulosis
2460 1401 2511 1445 et

360 1478 676 1532 reticulatim
709 1472 1225 1539 anastomosantibus,
1256 1469 1496 1525 inferiora
1524 1472 1726 1527 minora
1758 1474 2075 1530 subrotunda
2097 1486 2151 1530 et
2179 1477 2513 1534 subrotundo·

361 1565 593 1635 obovata‚
632 1564 743 1619 basi
774 1561 1070 1626 rotundam,
1109 1569 1262 1614 acuta
1298 1558 1375 1613 vel
1416 1571 1656 1627 cuneata,
1692 1566 1876 1625 1—1}
1918 1572 2050 1618 cent.
2093 1564 2150 1617 in
2201 1565 2386 1633 diam.‚
2424 1586 2508 1620 su-

360 1653 558 1726 periora
589 1652 798 1707 obovata
812 1688 830 1717 ,
875 1648 1015 1721 apice
1045 1646 1316 1700 rotundata
1331 1685 1349 1714 ‚
1392 1645 1503 1700 basi
1547 1657 1701 1701 acuta
1750 1648 1828 1701 vel
1877 1648 2189 1705 subcuneata
2235 1651 2399 1706 3-ferc
2440 1657 2511 1724 3}

361 1752 497 1796 cent.
530 1740 707 1812 longa,
743 1741 778 1791 2
811 1733 1175 1808 propemodum
1210 1733 1333 1788 lata.
1406 1739 1742 1788 Amentnm
1783 1736 2055 1791 terminale
2084 1747 2309 1793 erectum
2341 1739 2513 1795 solita·

364 1829 532 1895 rium,
567 1824 922 1900 pedunculo
950 1826 985 1877 2
1017 1831 1149 1877 cent.
1173 1820 1277 1875 fere
1298 1821 1450 1896 longo
1473 1822 1652 1895 glabro
1674 1824 1822 1878 tereti
1847 1816 2173 1881 tenuiuscnlo
2194 1838 2512 1897 sustentum,

363 1911 1004 1986 filiformi·cylindraceum
1063 1908 1360 1963 subrectum
1415 1914 1451 1964 3
1503 1920 1640 1965 cent.
1691 1910 1901 1986 longum
1924 1951 1944 1980 ‚
1996 1914 2518 1972 subconfertiflornm.

363 2008 618 2059 Bractea
647 2001 862 2074 peltata,
896 1996 1258 2071 pedicellata?‚
1294 1997 1499 2070 glabra,
1529 1998 1864 2058 snbrotunda.
1933 2003 2216 2058 Stamina
2250 2004 2351 2059 duo
2386 2005 2511 2059 late·

366 2091 512 2146 ralia.
584 2093 706 2144 Ova
716 2088 882 2142 rium
915 2084 1362 2157 oblongo-ovatum
1395 2086 1873 2154 semi-immersum,
1914 2089 2055 2161 apice
2085 2091 2256 2145 antico
2288 2092 2515 2166 stigma

367 2177 515 2252 longe
542 2187 595 2233 et
624 2175 878 2250 patentim
907 2172 1263 2247 penicillatum
1286 2191 1481 2246 gerens,
1512 2174 1634 2246 pilis
1662 2194 1757 2247 pen
1765 2176 1896 2229 icilli
1925 2178 2102 2233 crassis
2124 2179 2299 2252 rigidis
2322 2179 2517 2235 sordide

367 2264 521 2336 albis,
556 2264 965 2339 persistentibus,
1001 2281 1094 2335 pro
1127 2280 1306 2335 genere
1340 2261 1554 2317 fortibus
1591 2265 1710 2332 (sec.
1746 2283 1822 2336 sp.
1857 2266 2008 2320 Herb.
2044 2270 2119 2321 De
2152 2269 2306 2338 Loes.)

457 2414 519 2474 V
513 2407 774 2472 aristas?
809 2408 1220 2490 macrophylla.
1302 2407 1480 2468 Foliis
1508 2406 1573 2466 in
1611 2408 1767 2468 sicco
1800 2408 2274 2471 membranaceis
2298 2411 2512 2475 obova-

373 2516 450 2577 tis
481 2514 609 2576 basi
642 2512 976 2589 subacutis,
1015 2510 1538 2591 quinquenerviisi.

452 2616 754 2680 Habitat
793 2617 861 2675 in
899 2614 1097 2675 insula
1135 2614 1418 2674 Bourbon
1456 2610 1807 2693 (Perrottetl
1853 2612 1893 2671 l.
1936 2612 2018 2691 c.)

441 2770 515 2821 Ex
541 2764 691 2819 unico
717 2770 1011 2835 suppetente
1042 2759 1245 2814 ramulo
1260 2759 1495 2833 judicare
1524 2777 1629 2810 non
1659 2774 1812 2811 ausus
1838 2776 1980 2824 sum,
2019 2778 2085 2814 an
2116 2780 2210 2834 pro
2239 2762 2399 2835 specie
2432 2763 2515 2818 vel

367 2853 610 2909 varietate
632 2851 887 2908 haberem.
956 2855 1214 2905 Statura
1241 2845 1504 2920 grandiore
1530 2856 1583 2900 et
1607 2845 1852 2918 vegetiore
1874 2864 1905 2899 a
1926 2847 2087 2918 specie
2110 2848 2300 2905 differt.
2366 2845 2515 2907 Alae

370 2939 534 2997 caulis
565 2950 616 2995 et
643 2957 905 2994 ramorum
937 2933 1137 2991 latiores
1167 2935 1347 2989 virides
1379 2944 1770 3006 transparenteS.
1843 2934 2013 2989 Folia
2060 2947 2305 3009 quaterna
2342 2948 2395 2992 ct
2426 2958 2513 3012 op-

366 3029 554 3103 posita,
591 3026 996 3091 membranacea,
1035 3033 1257 3078 saturate
1289 3021 1493 3088 viridia,
1533 3021 1747 3075 obovata
1773 3021 1853 3076 vel
1887 3020 2367 3095 elliptico-obovata,
2405 3025 2515 3081 basi

374 3114 696 3171 acutiuscula
735 3113 815 3166 vcl
860 3111 1065 3179 obtusa,
1095 3110 1350 3165 rarissime
1379 3119 1614 3177 cuneata,
1647 3109 2069 3185 quinquenervia,
2102 3112 2295 3186 majora
2322 3118 2357 3167 6
2383 3124 2517 3170 cent.

370 3199 551 3277 longa,
584 3207 619 3258 4
651 3201 779 3256 lata.
851 3199 1100 3253 Amenti
1143 3197 1377 3253 hacciferi
1422 3206 1679 3251 structura
1729 3197 1905 3251 eadem
1942 3217 2003 3252 ac
2047 3199 2257 3272 speciei3
2294 3201 2517 3257 baccae

372 3305 588 3345 emersae
630 3287 837 3361 patulae
878 3285 1107 3360 globosae
1137 3295 1276 3341 atrae
1306 3285 1448 3359 apice
1481 3285 1708 3359 stigma
1752 3284 1926 3358 paullo
1966 3296 2284 3359 protractum
2330 3307 2514 3345 crasso-
2565 3350 2576 3358 ,

367 3376 725 3451 penicillatum
759 3381 1002 3448 gerentes.
2057 3373 2060 3376 ’

453 3582 590 3644 121.
649 3584 1102 3656 Penei-omia
1128 3580 1626 3655 Lindleyana.
1688 3581 2079 3659 Succnlenta,
2096 3581 2335 3661 glabra,
2350 3603 2513 3645 erec·

373 3682 661 3761 tiuscula,
702 3684 1046 3744 dichotome
1071 3702 1332 3760 ramosa,
1365 3682 1525 3743 foliis
1549 3683 1861 3761 oppositis,
1896 3684 2145 3743 summis
2174 3687 2511 3765 quaternis,

375 3785 616 3848 modice
642 3786 970 3867 petiolatis,
1010 3787 1404 3862 succulentis,
1430 3786 1682 3865 glabris,
1717 3787 1928 3845 subtus
1951 3788 2221 3865 pallidis,
2263 3791 2511 3851 minori-

373 3889 488 3951 hus
519 3890 813 3965 obovatis,
854 3888 1185 3966 majoribus
1209 3889 1861 3967 triangulari-obovatis
1888 3890 2061 3967 apice
2095 3871 2513 3953 subtruncato-

371 3994 591 4054 retusis
613 3992 875 4054 obsoleto
908 3991 1216 4051 trinerviis
1227 4039 1246 4068 ,
1280 3993 1534 4052 amentis
1569 3992 1986 4053 terminalibus
2020 3993 2300 4055 solitariis
2332 3991 2513 4057 rectis

370 4095 726 4174 pedunculo
756 4094 1133 4174 longioribus
1165 4094 1560 4155 remotifloris.

453 4200 754 4266 Habitat
804 4199 870 4260 in
918 4196 1116 4258 insula
1165 4196 1448 4257 Boni-bon
1465 4243 1482 4273 ‚
1543 4217 1626 4259 m.
1680 4197 1714 4256 J
1720 4198 1846 4257 ulio
1894 4217 2038 4258 cum
2077 4197 2327 4260 floribus
2361 4200 2515 4261 lecta

368 4301 831 4385 (Gaudichaudl
875 4302 945 4364 in
983 4300 1159 4364 Herb.
1187 4299 1286 4364 <De
1326 4297 1505 4377 Less‘.)

2071 4400 2174 4436 1⁰*
