3153 5134
1617 351 1757 415 246

607 556 747 612 tibus
786 553 1030 628 utrinque
1067 552 1307 627 stipula
1344 549 1729 606 membranacea
1769 549 1953 604 lineari
1995 548 2097 604 cito
2132 548 2343 604 decidua
2378 550 2567 620 auctis,
2606 553 2750 606 1-2

604 652 743 698 cent.
783 641 967 714 longis,
1012 639 1351 707 subcoriacea,
1395 638 1534 693 haud
1576 636 2093 711 pellucido-punctam
2106 674 2125 704 ‚
2167 654 2318 711 supra
2354 637 2671 693 atio—viridia
2704 647 2759 693 et

605 728 950 796 subniteutia,
988 727 1170 782 subtus
1208 727 1473 783 reticulata
1509 725 1731 799 pallida,
1767 725 1824 780 in
1856 724 2025 780 nervis
2058 743 2227 780 versus
2254 725 2401 780 basin
2430 725 2759 782 subtilissime

608 816 1113 890 birtello-puberula,
1141 817 1354 871 demum
1380 814 1486 870 fere
1512 815 1762 889 glabrata,
1802 814 1919 888 maj
1933 833 2035 869 ora
2057 810 2463 877 lato-ovatabasi
2487 815 2759 871 rotundatu

606 905 692 960 vel
737 903 841 960 fere
882 905 1209 970 submi-data,
1257 904 1398 977 apice
1439 902 1660 956 breviter
1704 900 2024 968 acuminata,
2069 899 2175 955 fere
2220 901 2553 975 aequilatera,
2604 922 2757 967 nervo

610 992 783 1047 medio
813 992 1055 1066 utrinque
1082 990 1259 1065 paullo
1283 1009 1435 1063 supra
1463 989 1610 1043 basin
1637 998 1740 1042 tres
1766 1007 1940 1043 nervos
1966 987 2259 1056 emittente,
2288 1008 2508 1062 quorum
2532 991 2760 1064 superior

611 1081 677 1136 ad
708 1080 905 1155 apicem
939 1079 1209 1154 percurrit,
1249 1076 1647 1132 anastomosibus
1674 1076 1942 1144 tenuibus,
1978 1081 2121 1131 8-9
2153 1086 2286 1132 cent.
2319 1076 2496 1151 longa,
2534 1082 2605 1145 δὲ
2635 1078 2757 1134 lata.

607 1169 932 1241 Superiora
963 1166 1160 1221 minora
1189 1165 1350 1238 magis
1377 1163 1768 1237 inaequilatera,
1807 1163 2101 1218 acuminata
2126 1162 2206 1217 vel
2236 1172 2411 1231 acuta,
2449 1167 2594 1219 5-6
2619 1172 2755 1218 cent.

611 1255 790 1328 longa,
836 1253 1028 1311 3-vix
1067 1257 1102 1308 4
1139 1252 1275 1319 lata3
1322 1270 1350 1305 e
1387 1270 1538 1305 nervo
1573 1249 1741 1304 medio
1772 1251 2009 1323 utrinque
2036 1259 2199 1305 costae
2229 1256 2262 1306 4
2296 1251 2509 1323 majores
2539 1258 2593 1304 et
2624 1249 2756 1304 aliae

608 1344 831 1398 minores
854 1359 1022 1396 versus
1050 1339 1300 1413 margines
1323 1338 1701 1405 adscendentes,
1733 1337 2036 1405 ramulosae,
2062 1357 2284 1413 quarum
2309 1336 2493 1392 infima
2518 1337 2598 1393 vel
2622 1337 2756 1392 duae

606 1430 821 1485 infimae
850 1450 878 1485 e
908 1429 1014 1483 basi
1043 1427 1340 1483 exoriuntur
1367 1429 1487 1496 (see.
1513 1444 1593 1498 sp.
1624 1435 1741 1481 ster.
1774 1424 1871 1481 Hb.
1896 1424 1964 1500 ,de
1991 1427 2143 1495 Lens.)

680 1523 948 1573 Ruurmus
983 1519 1022 1571 l.
1060 1535 1107 1572 c.
1138 1536 1187 1590 p.
1222 1519 1330 1570 342
1362 1512 1485 1568 haec
1513 1512 1686 1568 habet.
1759 1512 1907 1566 Haud
1936 1511 2135 1568 arbores
2161 1511 2447 1578 adscendit,
2482 1511 2566 1566 sed
2596 1528 2751 1585 supra

608 1605 733 1660 alios
766 1604 974 1659 frutices
1009 1602 1169 1681 longis
1200 1598 1417 1674 flagellis
1444 1600 1684 1673 prorepit.
1755 1598 1965 1654 Caulis
1994 1598 2220 1674 digitum
2249 1618 2464 1667 crassus,
2492 1598 2623 1654 infra
2653 1599 2749 1672 lig-

605 1710 782 1758 nosus,
817 1691 958 1744 intus
982 1688 1307 1743 medullosus.
1381 1686 1656 1760 Flagella
1685 1687 1854 1741 nullas
1877 1686 2065 1741 radices
2091 1687 2367 1755 emittunt,
2397 1697 2520 1742 sunt
2543 1686 2748 1760 glabra,

601 1794 828 1846 succosa,
855 1775 1115 1841 rubentia,
1146 1784 1199 1828 et
1228 1773 1409 1829 viridia
1439 1774 1628 1846 pariter
1654 1793 1715 1829 ac
1743 1774 1885 1830 nervi
1912 1774 2176 1830 foliorum.
2231 1776 2405 1830 Folia
2431 1774 2746 1829 corditbrmia

598 1864 809 1931 viridia,
843 1862 1043 1937 glabra,
1079 1860 1259 1916 subtus
1288 1880 1488 1935 rugosa.
1559 1865 1824 1916 Fructus
1855 1861 2034 1919 breviS.
2107 1863 2364 1918 Foliorum
2391 1881 2566 1934 sapor
2592 1861 2743 1929 acris,

600 1950 741 2004 haud
777 1949 898 2004 adeo
932 1958 1108 2022 gratus
1141 1966 1201 2001 ac
1238 1948 1455 2014 Beteles,
1494 1946 1578 2002 sed
1606 1957 1779 2001 tamen
1815 1949 2069 2003 masticari
2100 1959 2337 2022 possunt3
2374 1948 2461 2003 cui
2491 1948 2589 2003 fini
2618 1967 2667 2003 ν.
2696 1968 2745 2003 c.

602 2041 659 2093 in
688 2037 954 2111 Laricques
980 2045 1152 2089 tractu
1174 2034 1480 2100 inserviunt,
1511 2035 1605 2088 ubi
1633 2035 1800 2089 Betele
1824 2035 1978 2091 deest.
2004 2040 2214 2091 Vetusta
2239 2047 2410 2091 autem
2441 2035 2565 2090 folia
2590 2044 2746 2108 caput

601 2134 835 2199 gravant.
933 2122 1107 2177 Petioli
1169 2120 1307 2194 longi
1364 2122 1517 2175 etiam
1582 2120 1934 2176 masticantur.
1990 2154 2061 2165 -
2118 2121 2362 2177 Siriboa
2420 2122 2743 2198 sylvestris

599 2212 887 2286 Rumph.‚
922 2230 1051 2287 quae
1079 2209 1184 2265 fide
1214 2209 1368 2265 iconis
1394 2229 1425 2264 a
1461 2209 1622 2283 specie
1652 2228 1753 2263 non
1783 2207 1974 2265 differt.
2003 2209 2078 2282 pl.
2107 2210 2224 2265 iem.
2253 2228 2358 2265 esse
2382 2209 2597 2266 videtur.

1219 2334 1223 2339 ’
1838 2338 1857 2374 ν

687 2397 782 2457 12.
865 2396 1197 2458 Chavlca
1230 2396 1560 2453 Blumel.
1626 2391 1816 2473 Piper
1838 2394 2141 2459 Melamiri
2170 2392 2419 2452 Blume!
2457 2394 2527 2452 in
2566 2393 2737 2453 Verh.

596 2500 817 2561 Batav.
859 2501 1130 2559 Genoots.
1176 2498 1337 2556 Tom.
1371 2496 1487 2556 XI.
1514 2516 1576 2577 p.
1607 2494 1748 2556 203.
1831 2497 2108 2554 Enumer.
2134 2495 2223 2574 pl.
2255 2495 2449 2554 Javae
2467 2495 2638 2575 susc.
2670 2495 2727 2558 I·

590 2626 659 2686 p.
696 2603 794 2666 70.
877 2601 1060 2662 Caule
1094 2600 1380 2660 fruticoso
1414 2597 1771 2674 scandente,
1808 2598 1969 2657 foliis
2001 2596 2301 2676 petiolatis
2330 2597 2733 2657 ovato-oblon-

602 2704 695 2784 gis
738 2703 837 2763 vel
884 2699 1545 2779 oblongo-lanceolatis‚
1594 2699 1722 2758 basi
1771 2699 1984 2758 leviter
2028 2698 2336 2778 inaequali
2383 2697 2591 2758 excisis
2637 2700 2734 2759 vel

602 2805 890 2882 cordatis,
930 2812 1105 2865 acute
1140 2801 1521 2875 acuminatis,
1564 2801 1911 2880 quintupli-
1947 2802 2041 2861 vel
2080 2801 2596 2879 septuplinerviis‚
2630 2821 2737 2862 co-

594 2908 843 2984 riaceis,
898 2925 1077 2985 supra
1137 2924 1369 2984 sparse,
1427 2902 1639 2962 subtus
1693 2902 1933 2981 petiolis
1981 2904 2351 2981 ramulisque
2401 2903 2735 2963 confertius

595 3008 1093 3091 pubescentibuS,
1143 3006 1395 3066 amentis
1436 3006 1620 3083 longe
1662 3004 2085 3083 pedunculatis
2119 3004 2438 3083 elongatis,
2477 3006 2735 3065 bracteis

596 3112 839 3193 glabri&

659 3256 686 3305 1
695 3268 822 3306 con.
858 3248 1041 3302 Blume
1074 3246 1114 3302 l.
1149 3263 1195 3302 c.
1229 3245 1321 3320 fig.
1357 3249 1449 3301 22.
1486 3244 1610 3301 folia
1644 3244 2014 3320 xylograpbice.

677 3381 969 3442 Habitat
1012 3379 1074 3438 in
1107 3378 1252 3437 Java
1284 3378 1514 3439 insulae
1545 3378 1726 3459 sylvis
1757 3377 2057 3455 humidis,
2098 3377 2377 3457 inprimis
2404 3379 2731 3456 montanis,

596 3484 813 3547 incolis
859 3482 1021 3563 Aroy
1065 3480 1305 3559 Kekeh;
1358 3481 1682 3562 Bakattak;
1733 3481 2109 3562 Bakkadung
2157 3482 2318 3543 dicta
2364 3483 2631 3565 (Blumel
2685 3485 2726 3544 l.

594 3608 648 3649 c.
684 3596 746 3648 et
776 3587 842 3645 in
879 3585 1052 3645 Rerb.
1087 3584 1276 3663 Lugd.
1315 3583 1464 3667 Bai.)

667 3723 875 3780 Caulis
918 3722 1111 3792 inferne
1150 3722 1346 3778 brachii
1390 3723 1606 3778 infantis
1646 3722 1889 3779 crassitie.
1968 3722 2145 3778 Rami
2191 3723 2486 3798 cylindrici,
2535 3724 2731 3792 nodosi,

593 3812 889 3889 internodiis
920 3811 1192 3885 elongatis,
1230 3813 1367 3867 striis
1396 3811 1525 3866 albis
1561 3809 2013 3883 longitudinalibus
2046 3812 2233 3867 notatis
2264 3813 2345 3868 vel
2375 3824 2427 3868 et
2458 3832 2733 3889 purpureo-

594 3901 883 3960 maeulatis.
938 3900 1183 3955 Remuli
1215 3898 1527 3954 teretiusculi
1556 3898 1751 3966 striati,
1779 3898 2002 3970 supremi
2031 3898 2145 3971 pilis
2175 3900 2415 3955 mollibus
2443 3898 2734 3974 patentibus

595 3990 831 4065 crispulis
868 3987 1474 4062 pubescenti-tomentosi,
1518 3985 1741 4040 maxime
1777 3985 1842 4039 ad
1883 3985 2061 4056 nodos3
2096 3989 2389 4044 internodiis
2424 3993 2570 4045 6—'7
2599 3997 2731 4043 cent.

588 4080 768 4154 longis.
847 4076 1020 4131 Folia
1062 4074 1444 4147 eiecto-patula.
1525 4072 1751 4127 Petioli
1794 4073 2124 4142 semiteretes‚
2170 4077 2335 4131 antice
2377 4094 2546 4130 versus
2586 4075 2731 4129 basin

589 4164 949 4230 canaliculati,
975 4163 1274 4238 plerumque
1294 4159 1496 4215 curvati
1522 4159 1601 4213 vel
1626 4160 1766 4227 torti,
1795 4164 1865 4228 11}
1891 4170 2027 4216 cent.
2048 4163 2407 4236 propemodum
2432 4161 2587 4236 longi,
2610 4161 2731 4217 sub·

589 4251 878 4311 tomentosi.
948 4247 1231 4304 Lamiuae
1272 4245 1680 4320 ovato-oblongae
1721 4247 1802 4303 vel
1844 4248 2117 4321 superiores
2162 4250 2724 4324 oblongo-lanceolam,

588 4341 708 4396 illae
734 4345 809 4397 22
839 4348 970 4396 cent.
997 4337 1195 4411 longae,
1231 4339 1291 4413 8,
1334 4336 1492 4405 latae,
1527 4335 1633 4393 basi
1660 4337 1937 4394 rotundatu
1963 4337 2295 4412 inaequaliter
2322 4339 2583 4411 conflatae,
2615 4339 2727 4397 bre·
