3153 5134
1450 366 1533 431 19

404 569 933 645 infloresoentiam
986 583 1389 645 amentum
1426 571 1607 654 dion,
1655 587 1734 641 ut
1771 570 2000 643 eodem
2036 596 2151 667 per
2183 590 2394 647 totum
2428 596 2539 650 or-

401 696 622 763 dinem
675 695 955 763 termino
1003 715 1144 762 eam
1191 692 1500 784 insignire
1543 714 1826 784 possem,
1892 716 2045 764 nam
2101 698 2323 788 spadix
2378 723 2535 768 cum

398 815 863 907 antiquioribus
884 812 1201 884 botanicis
1226 813 1402 881 haud
1428 814 1809 903 appellanda
1839 816 2200 900 videbatur,
2226 817 2542 910 quoniam

394 936 516 1002 hac
570 956 725 1003 voce
762 934 998 1003 rectius
1043 933 1381 1024 peculiaris
1430 935 2193 1027 Monoeotyledonearum
2243 938 2533 1009 inflores·
2588 929 2597 939 ’

387 1055 603 1124 centia
634 1055 1036 1147 designetur,
1087 1076 1204 1122 nec
1236 1053 1406 1143 spica
1440 1067 1595 1142 apte
1631 1056 1835 1123 vocari
1869 1072 2113 1147 posset,
2161 1081 2314 1127 cum
2348 1060 2532 1129 brac·

394 1190 642 1245 tearum
696 1174 977 1256 indoles,
1044 1175 1233 1244 flores
1282 1172 1464 1240 haud
1512 1196 1659 1242 raro
1706 1175 2096 1246 unisexualoe
2141 1179 2304 1246 nudi
2324 1231 2342 1261 ‚
2407 1181 2536 1250 axis

391 1316 719 1376 carnosus,
764 1294 1091 1385 totiusque
1118 1294 1627 1363 infloresoentiae
1656 1297 2032 1366 maturitate
2062 1319 2251 1389 saepe
2284 1288 2531 1369 incras—

394 1430 574 1483 satae
604 1428 673 1484 et
711 1413 1126 1506 synearpicae
1154 1421 1383 1482 natnra
1398 1464 1416 1495 ‚
1455 1436 1610 1481 eum
1639 1416 1881 1484 amenti
1916 1417 2301 1488 definitione
2338 1420 2538 1510 magis

390 1548 764 1626 congruant
799 1557 874 1602 ac
909 1556 1063 1601 cum
1093 1534 1286 1624 spica.
1381 1537 1636 1607 Fateor.
1670 1548 1928 1603 amenta
1958 1537 2349 1606 remotiflora
2384 1539 2535 1628 plu-

388 1654 563 1728 rium
620 1652 1301 1742 Peperomiearum
1355 1652 1533 1719 haud
1585 1651 1807 1742 inepte
1837 1655 2037 1744 spicas
2067 1656 2275 1725 vocari
2313 1679 2550 1747 posse‚·

384 1774 509 1843 sed
563 1771 789 1841 melius
838 1769 1212 1852 videbatur,
1275 1794 1409 1841 uno
1458 1772 1784 1841 constanti
1845 1775 2124 1844 termino
2179 1776 2277 1844 uti
2301 1827 2319 1858 ‚
2380 1799 2546 1845 cum·

387 1890 628 1960 limites
671 1891 843 1958 inter
885 1903 1241 1981 utrumque
1285 1891 1552 1960 difficile
1593 1907 1946 1982 ponantur.

475 2013 811 2077 Amenta
866 2010 1026 2079 haee
1079 2023 1233 2078 sunt
1283 2009 1469 2079 series
1519 2009 1731 2078 axium
1782 2025 2301 2097 contractorum,
2353 2016 2404 2084 si
2444 2017 2530 2084 ad

390 2130 714 2198 axillarem
745 2131 985 2198 florum
1015 2129 1410 2221 singulorum
1446 2130 1860 2199 insertionem
1898 2133 2170 2224 respicis.
2219 2138 2382 2203 Num
2416 2159 2532 2204 au-

390 2263 525 2318 tem
559 2249 631 2316 in
676 2249 910 2318 horum
958 2249 1168 2318 axium
1218 2249 1586 2320 evolutione
1630 2252 1856 2320 eadem
1892 2253 2259 2322 differentia
2292 2256 2361 2322 in
2398 2259 2550 2323 Pe-‘

391 2368 822 2461 peromieis
851 2381 925 2437 et
951 2368 1301 2459 Pipereis
1331 2369 1664 2452 obtineat,
1691 2377 1895 2461 quam
1922 2371 2142 2463 quoad
2179 2396 2322 2442 axes
2350 2397 2531 2465 vege-

395 2488 652 2558 tationis
683 2486 939 2581 exposui
958 2539 976 2570 ,
1024 2488 1350 2580 affirmare
1382 2512 1521 2558 non
1554 2492 1781 2559 audeo.

480 2614 757 2679 Amenta
792 2610 1258 2692 terminant3
1308 2633 1461 2679 nam
1495 2611 1567 2677 in
1600 2609 2124 2700 Peperomieis
2155 2611 2250 2678 vel
2278 2612 2529 2680 caulem

389 2730 767 2822 primarium
815 2730 1173 2798 terminant
1217 2743 1287 2796 et
1332 2742 1485 2796 sunt
1532 2750 1676 2795 vere
1726 2728 2082 2820 terminalia
2126 2729 2224 2795 vel
2269 2751 2308 2796 e
2340 2731 2530 2798 ramis

392 2849 753 2918 axillaiibu's
805 2848 1084 2919 formata
1145 2846 1420 2917 axillaria
1478 2860 1636 2914 sunt
1695 2861 1764 2914 et
1821 2868 1942 2937 pro
1992 2847 2163 2916 vario
2224 2848 2526 2918 foliorum

390 2971 550 3052 situ,
596 2968 900 3051 solitaria,
955 2967 1254 3060 opposita
1303 2967 1403 3035 vel
1453 2966 1852 3036 verticillata.
1940 2969 2364 3036 Amentorum
2399 2970 2528 3039 ho-

346 3129 351 3134 ·
390 3113 541 3159 rum
584 3090 740 3158 situs
800 3112 872 3158 ea
923 3088 1269 3158 confirmat
1287 3139 1304 3169 ,
1354 3109 1524 3178 quae
1566 3109 1757 3178 supra
1812 3088 1898 3155 de
1947 3087 2194 3178 origine
2241 3089 2552 3157 vernoil-1

392 3212 732 3282 lastrorum
780 3210 850 3277 in
894 3208 1312 3301 Peperomieis
1358 3208 1602 3278 monui.
1694 3210 1852 3275 Nam
1904 3229 2154 3297 semper
2190 3207 2326 3276 fere
2359 3208 2519 3291 vidi,

393 3330 463 3398 in
503 3328 821 3422 ejusmodi
863 3327 1212 3410 verticillis,
1264 3348 1543 3418 quorum
1596 3326 1748 3396 folia
1796 3350 1833 3395 e
1874 3324 2000 3395 suis
2033 3326 2231 3394 axillis
2263 3342 2521 3397 amenta

391 3451 763 3542 propellunt
783 3500 800 3530 ,
845 3469 1053 3517 unum
1104 3462 1173 3517 et
1228 3448 1435 3537 majus
1468 3446 1776 3517 'verticilli
1825 3445 2053 3516 folium
2103 3460 2368 3516 amento
2408 3471 2524 3518 oa·-

399 3592 574 3653 rere,
623 3593 775 3639 nam
832 3569 957 3640 hoo
984 3569 1232 3640 caulem
1264 3566 1631 3640 continuat.
1735 3571 1816 3635 In
1877 3566 2217 3657 Pipereis
2262 3582 2520 3636 amenta

394 3704 552 3758 sunt
602 3713 751 3761 axes
813 3687 1176 3758 terminales
1232 3687 1430 3756 caulis
1487 3686 1755 3756 floribus
1810 3686 2177 3768 terminati,
2245 3687 2405 3755 dum
2471 3687 2523 3755 si

397 3809 596 3880 modo
644 3810 796 3879 folia
842 3810 1250 3891 evolvuntur,
1319 3820 1433 3876 aut
1465 3807 1732 3877 omnino
1771 3829 1905 3876 non
1935 3805 2367 3875 efformantur
2407 3822 2525 3875 aut

398 3921 718 3999 ramulum
771 3930 994 4000 saltem
1039 3928 1273 3999 sistunt
1329 3905 1529 4022 (conf.
1580 3951 1648 4019 p.
1703 3927 1796 4017 6).
1898 3926 2045 3994 Axis
2086 3927 2361 3996 lateralis
2406 3929 2521 4018 qui

396 4050 863 4143 vegetationem
924 4049 1267 4119 continuat
1283 4100 1300 4130 ,
1366 4048 1768 4117 terminalem
1837 4046 2217 4116 floriflorum
2269 4048 2525 4137 (amen-

397 4172 568 4262 tum)
607 4194 784 4240 nune
827 4169 913 4240 ad
957 4170 1125 4239 latus
1170 4168 1421 4258 repellit
1464 4182 1533 4238 et
1562 4166 2060 4259 oppositifoliam
2105 4159 2523 4241 innotescen-

399 4292 557 4361 tiam
600 4292 823 4388 efficit.
1134 4319 1135 4322 ’

552 4417 555 4418 ’
2120 4415 2144 4452 2
2172 4411 2212 4450 ἣ·
