3153 5134
1598 331 1732 394 278

587 543 736 589 acute
774 530 1089 599 acuminata,
1135 527 1479 604 aequilatera,
1513 530 1732 583 17—18
1774 533 1910 580 cent.
1956 523 2133 599 longa,
2182 529 2365 599 6--73
2407 525 2536 595 lata,
2587 546 2749 595 nervo

590 621 760 677 medio
785 639 945 676 crasso
969 618 1211 691 utrinque
1232 615 1568 690 prominente,
1595 614 1660 669 ad
1683 615 1874 689 apicem
1900 623 2223 688 percurrente
2244 614 2328 669 sed
2354 634 2522 670 versus
2544 616 2743 689 apicem

584 710 732 765 valde
763 715 1055 774 attenuate,
1096 706 1336 778 utrinque
1370 703 1576 757 circiter
1612 712 1727 758 octo
1762 710 1945 769 costas,
1988 701 2236 775 (aliasque
2272 701 2493 756 minores
2528 703 2742 758 oculum

584 795 862 870 fugientes)
904 794 1197 860 emittente,
1247 809 1470 865 quarum
1516 789 1705 845 infima
1746 807 1775 843 e
1819 787 1956 856 basi,
1999 807 2210 862 sequens
2251 808 2402 863 prope
2443 790 2591 846 basin
2625 801 2741 847 orta

583 883 911 937 directionem
935 878 1337 945 adscendentem,
1374 876 1605 950 reliquae
1638 876 1799 950 magis
1832 875 2194 932 horizontalem
2235 890 2524 952 sequentes,
2558 899 2738 936 omnes

586 989 689 1025 non
729 968 904 1042 procul
941 987 972 1021 a
1012 965 1244 1039 margine
1280 964 1583 1019 anastomcsi
1620 973 1835 1018 arcuata
1861 962 2062 1019 fortiore
2090 964 2379 1034 cohaerent,
2414 964 2630 1040 aliisque
2659 979 2737 1025 to-

583 1056 853 1112 nuioribus
883 1055 1020 1108 inter
1052 1074 1107 1109 se
1140 1053 1530 1127 conjunguntur
1562 1055 1681 1125 (sec.
1710 1071 1784 1126 sp.
1813 1052 1928 1124 cit.)

656 1146 737 1201 oh
765 1144 1009 1200 foliorum
1035 1141 1256 1197 formam
1283 1152 1336 1197 et
1363 1157 1637 1197 nervorum
1666 1142 1888 1198 indolem
1915 1140 2049 1196 hanc
2079 1150 2198 1215 apte
2223 1141 2289 1197 ad
2315 1141 2559 1199 ehavicae
2586 1162 2747 1216 genus

581 1232 914 1290 ordinandam
956 1248 1059 1284 esse
1101 1228 1297 1301 putavi.
1368 1231 1496 1286 Cum
1534 1239 1714 1285 autem
1756 1229 2006 1305 genitalia
2046 1230 2260 1287 omnino
2298 1230 2497 1287 lateant
2512 1271 2530 1301 ,
2570 1231 2753 1308 planta

580 1331 755 1380 manet
789 1337 1037 1396 perquam
1078 1317 1258 1372 dubia.
1975 1322 1992 1327 ¹

655 1610 833 1666 Sestio
867 1609 948 1664 ΙΙ.
1018 1608 1549 1662 Srnssnosucnron.
1622 1606 1842 1658 Amenta
1878 1602 2105 1661 feminea
2137 1602 2362 1680 globosa.

667 1783 768 1846 42.
863 1783 1198 1844 (Μανίου
1243 1783 1921 1855 sphaerostaehya.
2006 1782 2204 1862 Pajper
2235 1780 2740 1862 brachystaehyon

595 1889 685 1953 W
675 1887 894 1948 allich!
944 1906 1018 1946 ex
1058 1895 1245 1964 parte.
1327 1883 1548 1944 Glabra
1560 1927 1582 1960 ,
1632 1883 1796 1944 soliis
1838 1883 2236 1946 subccriaceis
2249 1929 2267 1960 ,
2309 1885 2743 1947 obsoletissime

582 1988 1256 2071 pellucido-punctatur,
1312 1985 1629 2065 ellipticis,
1681 1985 2170 2067 inaequilateris,
2221 1988 2350 2049 basi
2402 1989 2595 2049 acutis
2641 1988 2744 2048 ve}

585 2092 884 2168 cuneatis,
925 2091 1099 2170 apice
1138 2090 1380 2169 longius
1417 2089 1808 2167 acuminatis,
1849 2092 2132 2152 acumine
2167 2091 2381 2151 obtuso
2415 2091 2746 2170 aliquando

589 2196 1086 2271 submucronato,
1129 2193 1649 2273 septuplinerviis,
1692 2194 1947 2254 amentis
1996 2213 2171 2253 masc.
2223 2193 2608 2254 fllilbrmibus
2655 2193 2741 2254 le-

584 2299 745 2360 viter
789 2286 1084 2374 curvatis,
1129 2296 1410 2357 femineis
1456 2286 1715 2375 globosis
1723 2343 1742 2373 ,
1789 2296 2043 2357 bracteis
2075 2296 2452 2377 pedicellatis
2487 2295 2739 2357 orbicu-

583 2402 743 2478 latis,
777 2401 1154 2480 stigmatibus
1175 2400 1217 2460 3
1242 2400 1536 2460 brevibus
1560 2400 2149 2476 erecto-recurvatis,
2181 2399 2310 2460 basi
2335 2400 2740 2461 subconnatis.

663 2504 967 2566 Habitat
1004 2505 1070 2563 in
1106 2503 1168 2562 in
1181 2501 1312 2562 sula
1345 2503 1494 2563 Java
1529 2501 1855 2586 (Schmidtl
1895 2502 1964 2562 in
1998 2502 2173 2563 Beth.
2209 2523 2338 2584 reg.
2378 2501 2597 2583 hercl.)
2608 2549 2628 2580 ‚
2668 2501 2739 2564 in

588 2609 838 2688 Nepalia
868 2607 1194 2690 (Wallichl
1231 2606 1368 2667 List.
1405 2627 1466 2668 n.
1501 2606 1665 2669 6656
1696 2626 1782 2687 sp.
1815 2607 1962 2669 fem.
1995 2610 2395 2670 commixtum
2427 2627 2571 2669 cum
2604 2607 2741 2687 ejus

587 2711 652 2772 P.
690 2707 1208 2792 brachystachyo.)
2729 2737 2740 2740 -

667 2849 870 2922 stirps
901 2865 1078 2903 masc.
1108 2845 1269 2919 hujus
1299 2846 1480 2920 speciei
1510 2845 1789 2903 Cubebae
1818 2846 2233 2916 bantamensl,
2271 2848 2421 2921 cujus
2449 2864 2604 2904 masc.
2630 2856 2746 2901 tau-

587 2947 708 2994 tum
736 2935 996 3001 innotuit,
1023 2932 1234 3000 similis,
1262 2932 1349 2988 sed
1378 2944 1578 2988 statura
1609 2935 1829 3001 minore,
1857 2936 2022 2990 nervis
2050 2940 2087 2990 3
2118 2934 2301 2990 mediis
2327 2935 2385 2988 in
2410 2934 2753 3007 superior-ibus

588 3024 748 3079 etiam
782 3021 913 3077 foliis
947 3019 1191 3075 remotius
1220 3038 1252 3073 a
1284 3019 1391 3075 basi
1420 3020 1631 3090 solutis,
1669 3022 1904 3076 acumine
1932 3022 2108 3078 obtuso
2139 3021 2354 3077 subinde
2388 3023 2748 3078 mucronulatc

587 3112 798 3167 diversa.
827 3141 902 3151 —
935 3113 1029 3182 Sp.
1062 3107 1415 3181 nepalensia
1443 3119 1645 3164 statura
1676 3108 1850 3183 paullo
1879 3110 2160 3183 grandiore,
2198 3108 2334 3164 foliis
2361 3113 2579 3164 11—13
2612 3118 2750 3167 cent.

588 3200 783 3274 longis,
827 3198 1044 3254 amentis
1081 3196 1219 3252 haud
1255 3197 1495 3254 omnibus
1531 3198 1740 3254 omnino
1774 3197 1989 3272 globosis
2020 3197 2104 3252 scd
2136 3196 2583 3271 oblongo-globosis
2614 3217 2645 3252 a
2663 3198 2752 3272 ja·

589 3289 735 3343 vanis
769 3285 1034 3341 differunt.

664 3379 850 3430 Frutex
887 3375 1152 3440 scandens,
1186 3371 1440 3440 radicans,
1477 3370 1765 3427 dichotome
1795 3388 2044 3437 ramosus,
2077 3369 2318 3437 nodosus,
2354 3370 2545 3425 ramis
2573 3389 2751 3426 ramu-

588 3463 755 3537 lisque
791 3460 980 3535 glabris
1018 3460 1357 3515 teretiusculis
1393 3459 1610 3515 obsolete
1648 3457 1840 3514 striatis
1878 3458 1961 3513 hie
1998 3457 2111 3514 illic
2150 3459 2355 3514 minute
2394 3458 2752 3530 verruculcsis,

589 3551 891 3607 internodiis
928 3555 1073 3606 2—8
1114 3560 1249 3606 cent.
1290 3549 1474 3624 longis.
1547 3548 1725 3604 Folia
1764 3546 2387 3603 membranaceo-coriacca
2420 3549 2502 3602 vel
2541 3546 2754 3604 omnino

588 3641 832 3712 coriacea,
868 3640 1226 3697 obsoletissime
1259 3637 1878 3714 pellucido-punctulata,
1915 3636 2158 3708 utrinque
2187 3634 2392 3708 glabra,
2427 3654 2580 3709 supra
2610 3645 2749 3690 satu-

584 3736 696 3783 rate
725 3729 906 3784 viridia
934 3728 1209 3802 subcpaca,
1243 3726 1424 3782 subtus
1452 3725 1647 3799 pallida
1680 3734 1733 3778 et
1762 3724 1827 3778 ad
1862 3723 2053 3777 lentem
2085 3721 2420 3778 subtilissime
2452 3724 2746 3780 subalbido·

588 3817 922 3892 punctulata,
973 3816 1029 3870 in
1073 3825 1291 3889 utraque
1337 3812 1492 3886 stirpe
1537 3811 1622 3864 vix
1665 3808 1883 3874 diversa,
1931 3806 2157 3881 elliptica
2199 3806 2592 3883 inaequilatera,
2641 3811 2753 3869 basi

586 3905 893 3984 plerumque
928 3903 1034 3958 fere
1070 3902 1282 3957 omnino
1318 3899 1520 3974 aequali
1552 3904 1705 3951 acuta
1736 3895 1817 3949 vel
1850 3894 2108 3948 cuneatim
2140 3905 2424 3964 contracta,
2460 3899 2601 3971 apice
2631 3901 2755 3956 satis
2777 3911 2808 3922 ““

592 3994 762 4051 subito
796 4001 852 4047 et
886 3998 1098 4065 anguste
1134 3988 1454 4053 acuminata,
1501 3983 1741 4039 acumine
1774 3981 1956 4040 obtuso
1993 3982 2129 4040 baud
2167 4003 2280 4041 raro
2309 3982 2598 4042 brevissime
2628 4006 2749 4044 mu-

592 4092 825 4149 cronato,
869 4088 1072 4135 vetusta
1109 4074 1428 4150 marginibus
1463 4070 1714 4126 levissime
1750 4070 2001 4139 revoluta,
2049 4071 2270 4145 stirpis
2302 4071 2572 4128 feminae
2600 4078 2748 4129 5-9

590 4180 726 4226 cent.
753 4170 927 4242 longa,
958 4165 1251 4237 3—-4—4}
1279 4163 1337 4216 in
1364 4159 1534 4215 medic
1558 4161 1693 4227 lata,
1723 4159 1942 4232 stirpis
1968 4178 2149 4217 masc.
2174 4159 2232 4214 in
2256 4161 2554 4215 universum
2576 4161 2751 4234 paullo

597 4259 823 4324 minora,
859 4252 1111 4328 petiolis
1143 4249 1337 4326 glabris
1364 4245 1737 4303 scmitenetibus
1767 4248 1936 4303 antice
1968 4247 2320 4304 canaliculatis
2349 4253 2499 4303 5-7
2527 4265 2642 4303 raro
2671 4255 2748 4307 10

597 4367 725 4402 mm.
758 4344 920 4421 longis
947 4350 1192 4399 sustenta.
1267 4337 1413 4397 Nervi
1445 4337 1501 4395 in
1531 4336 1833 4395 universum
1863 4336 2137 4405 tenuiores,
2174 4334 2358 4395 subtus
2387 4336 2744 4414 prominentes.
