3153 5134
1607 332 1735 393 378

594 527 868 601 quominus
911 526 1094 582 habeas
1111 564 1129 596 ‚
1162 536 1337 582 vetant
1376 524 1681 583 characteoes
1707 525 2063 586 diffeoentiales
2093 528 2273 585 cahem
2302 530 2526 591 leviores.
2598 539 2734 607 Qua-

591 614 813 673 rundam
845 615 1123 690 specierum
1151 633 1274 670 usus
1302 616 1358 669 in
1390 615 1672 670 oeconomia
1699 626 1754 670 et
1783 615 2033 672 medicina
2062 618 2219 673 etiam
2247 620 2647 679 commendatus.

599 770 603 774 .
663 707 856 758 Genera
886 702 1220 758 Steffensia
1242 712 1294 757 et
1322 702 1687 771 schilleria,
1722 723 1752 758 a
1783 704 1852 760 cl.
1880 719 2058 759 tumn
2087 707 2358 780 proposita,
2394 709 2501 783 ipso
2530 722 2732 769 auctore

584 788 776 845 fatente
791 828 811 858 ,
846 790 993 845 nullo
1021 790 1189 845 adhuc
1217 800 1354 845 certo
1387 789 1675 846 charactere
1702 791 1944 867 insignita
1961 832 1978 861 .,
1999 796 2181 850 servari
2210 816 2310 850 non
2339 809 2576 870 possunt,
2603 820 2726 856 cum

583 897 650 933 ne
695 878 880 933 habitu
921 877 1132 954 quidem
1177 877 1400 953 dignosci
1446 889 1655 954 queant.
1729 881 1997 935 Seminum
2028 880 2188 938 forma
2203 922 2221 951 ,
2260 883 2318 937 in
2355 884 2448 940 illa
2478 905 2620 960 saepe
2647 898 2723 944 te-

580 975 821 1040 tragona,
871 966 929 1020 in
959 968 1053 1020 hac
1083 967 1285 1040 trigona
1302 1006 1318 1034 ,
1355 966 1413 1020 in
1446 967 1741 1021 universum
1774 985 1959 1041 parum
1989 978 2221 1023 constans
2250 980 2303 1024 et
2326 970 2537 1027 definita
2554 1012 2572 1041 ‚
2606 974 2725 1031 oha-

580 1065 824 1109 raeterem
873 1055 1209 1110 sufficientem
1260 1054 1372 1109 heic
1414 1054 1648 1129 praebere
1692 1057 1886 1130 nequit.
1974 1060 2034 1111 In
2084 1075 2186 1112 uno
2213 1059 2487 1134 eodemque
2517 1072 2722 1120 amento

581 1143 762 1200 ambae
799 1142 989 1199 formae
1031 1162 1153 1199 eum
1202 1142 1437 1218 pluribus
1472 1142 1588 1198 aliis
1629 1143 1788 1198 simul
1828 1144 2103 1221 aliquando
2146 1158 2435 1203 occurrunt.
2509 1149 2722 1225 Reliqua

580 1249 769 1307 organa
808 1231 1081 1306 genitalia,
1130 1241 1185 1286 et
1235 1250 1421 1305 organa
1469 1232 1790 1305 vegetationis
1833 1234 2039 1289 omnino
2088 1236 2368 1291 seeundum
2411 1239 2619 1293 eandem
2664 1239 2724 1292 in

582 1329 796 1397 utroque
827 1339 1003 1396 genere
1032 1338 1268 1374 normam
1300 1317 1578 1374 constituta
1604 1330 1744 1376 sunt.

914 1485 1358 1549 CONSPECTUS
1398 1485 1805 1548 SECTIONUM
1844 1486 1935 1548 ET
1975 1488 2393 1551 SPECIERUM.

653 1665 854 1720 Seetio
888 1669 933 1720 1.
1004 1666 1046 1718 N
1056 1661 1253 1717 handi.
1327 1661 1466 1720 Folia
1485 1662 1636 1736 longe
1656 1661 1896 1737 petiolata
1921 1665 2227 1739 aequilatera
2249 1677 2415 1723 ovato—
2444 1667 2519 1723 vel
2549 1677 2721 1724 rotun-

579 1752 950 1820 dato-cordata,
983 1770 1094 1806 raro
1124 1769 1225 1805 non
1253 1750 1484 1818 cordata,
1516 1751 1844 1806 multinervia
1861 1792 1878 1820 .
1914 1755 2103 1829 ampla.
2174 1757 2353 1812 Petioli
2385 1756 2508 1812 alati
2522 1796 2540 1824 ‚
2573 1757 2724 1813 raris-

581 1842 706 1896 sime
735 1840 878 1895 nudi.

650 1934 715 1987 A.
750 1933 982 1983 Bracteae
1008 1926 1229 2000 peltatae
1245 1964 1261 1993 ,
1292 1924 1508 1981 ciliatae.
1583 1928 1800 1981 Amenta
1827 1925 2076 2001 elongata.
2147 1933 2310 1985 1—3.

648 2021 707 2073 Β.
834 2036 867 2068 2>
1011 2011 1502 2068 cucullato-inflexae
1515 2052 1531 2080 ‚
1567 2012 1768 2068 ciliatae
1783 2054 1800 2082 ,
1834 2014 2055 2088 glabrae.

757 2126 811 2161 a.
845 2102 970 2159 folia
998 2102 1189 2175 majora
1215 2100 1417 2156 eordata
1431 2140 1449 2169 ,
1487 2099 1668 2155 subtus
1696 2101 1868 2176 pilosa.
1941 2108 2103 2160 4—7.

758 2191 810 2246 h.
884 2208 917 2241 n
998 2189 1197 2242 minora
1240 2187 1511 2242 obsoletius
1549 2187 1631 2241 vel
1664 2206 1764 2243 non
1794 2189 1994 2244 eon-data
2009 2231 2027 2257 ,
2065 2188 2334 2265 subglabra
2389 2191 2466 2246 vel
2517 2191 2717 2266 glabra,

840 2277 1046 2354 ‘petiolis
1074 2276 1226 2332 nudis
1255 2276 1334 2331 vel
1365 2277 1658 2331 tenuissime
1685 2277 1851 2335 alatis.
1925 2282 2117 2333 8—12.

648 2440 849 2497 Sectio
880 2444 947 2495 ΙΙ.
1020 2435 1479 2511 Μειοῐοεῑεοίιγε.
1550 2435 1695 2491 Folia
1744 2436 2133 2511 inaequilatera,
2185 2448 2331 2492 ovata
2360 2438 2442 2493 vel
2472 2437 2712 2513 oblonga,

577 2529 686 2587 basi
711 2527 853 2584 valde
873 2525 1204 2602 inaequaliter
1225 2524 1454 2593 cordata,
1479 2523 2092 2597 multiplinervi·eostata.
2138 2525 2313 2582 Petioli
2328 2526 2469 2584 alati.
2503 2533 2722 2584 Amenta

575 2639 716 2694 saepe
740 2616 1047 2692 longissima.

647 2728 702 2763 a.
755 2714 960 2761 amenta
999 2703 1147 2759 valde
1192 2702 1441 2776 elongata.
1511 2706 1695 2756 Baeeae
1740 2699 2111 2776 subquadratae
2132 2701 2212 2758 vel
2238 2702 2721 2778 parallelepipedeae.

752 2793 878 2850 Alae
900 2792 1202 2868 petiolorum
1232 2789 1493 2845 coriaeeae.
1566 2791 1805 2846 13—23.

654 2885 708 2939 b.
758 2891 963 2938 amenta
1006 2879 1181 2934 minus
1222 2877 1479 2951 elongata,
1535 2875 1674 2930 haud
1721 2874 1843 2930 adeo
1895 2896 2075 2933 crassa.
2149 2881 2333 2933 Baoeae
2364 2878 2593 2935 obovato—
2624 2881 2716 2936 tri·

756 2979 1064 3044 tetragonae.
1139 2964 1265 3021 Alae
1293 2965 1543 3019 tenuiores
1569 2963 1843 3039 aliquando
1873 2963 2134 3020 obsoletae.
2204 2969 2438 3023 24—34.

645 3131 847 3187 Sectio
881 3133 976 3185 111.
1048 3127 1463 3200 Churumayu.
1525 3124 1678 3180 Folia
1718 3125 2018 3179 rotundato·
2047 3126 2129 3180 vel
2157 3127 2567 3202 ovato-oblonga,
2601 3147 2718 3186 raro

575 3218 893 3296 angustiora,
928 3215 1025 3272 inf.
1055 3214 1384 3287 aequilatera,
1421 3231 1564 3287 saepe
1590 3214 1822 3281 enxdata,
1862 3231 1973 3287 sup.
2003 3214 2107 3268 basi
2131 3215 2388 3291 inaequali
2408 3217 2714 3287 rotundata3

576 3318 801 3376 eostata,
853 3305 1007 3361 costis
1053 3322 1223 3359 versus
1265 3301 1410 3359 basin
1452 3303 1841 3376 approximatis,
1897 3302 2018 3360 hine
2057 3304 2308 3380 quaedam
2336 3303 2438 3361 fere
2465 3305 2717 3380 multipli-

574 3397 778 3466 nervia3
812 3394 986 3470 petioli
1017 3392 1161 3449 nudi.
1232 3397 1462 3448 35-59.

649 3501 704 3540 α.
740 3482 857 3539 folia
887 3483 1131 3556 utrinque
1157 3482 1332 3555 pilosa.
1404 3484 1642 3535 45—47.
1678 3484 1769 3534 54.

649 3577 700 3630 lv.
793 3594 824 3624 n
896 3572 1078 3627 subtus
1107 3570 1279 3646 pilosa.
1353 3575 1443 3625 35.
1480 3574 1569 3624 36.
1607 3571 1844 3625 38-40.
1884 3572 1974 3625 49.
2008 3572 2097 3622 53.
2133 3569 2229 3622 55.
2259 3572 2351 3623 59.

648 3684 699 3720 c.
789 3682 821 3714 ι»
894 3662 1137 3736 utrinque
1162 3659 1357 3733 glabra.
1429 3662 1519 3713 37.
1556 3661 1794 3712 41—44.
1833 3660 1925 3711 48.
1959 3660 2194 3712 50-52.
2229 3659 2465 3712 56-58.

651 3828 757 3879 Sec
768 3822 856 3877 tio
873 3825 961 3878 IV.
1031 3819 1154 3875 Rad
1168 3819 1287 3876 ula.
1359 3817 1497 3874 Folia
1519 3818 1823 3892 plerumque
1848 3815 2253 3883 membranacea,
2274 3815 2523 3890 elliptiea,
2547 3825 2719 3887 ovata,

576 3913 794 3985 oblonga
809 3949 825 3980 ,
861 3928 975 3990 raro
1009 3917 1222 3982 angusta
1241 3947 1258 3975 ,
1293 3906 1687 3982 inaequilatera,
1721 3904 2016 3959 acuminata
2032 3942 2049 3972 ,
2085 3903 2193 3958 basi
2218 3903 2527 3980 inaequalia,
2562 3924 2716 3979 supra

575 4000 694 4076 pilis
735 3996 913 4070 rigidis
957 3993 1334 4070 vermiculisque
1378 3993 1584 4061 scabra,
1633 4011 1746 4046 raro
1794 3989 1973 4065 glabra
1990 4031 2007 4059 ,
2057 3992 2238 4047 subtus
2281 3993 2469 4066 pilosa,
2511 3993 2630 4068 pilis
2663 3994 2720 4050 in

581 4088 766 4164 pagina
799 4105 909 4157 sup.
924 4085 1103 4139 sensim
1131 4082 1382 4151 deciduis,
1406 4091 1622 4149 eostata,
1643 4081 1789 4136 eostis
1804 4080 2040 4155 usquead
2076 4084 2214 4156 }—}
2245 4080 2337 4137 alt.
2366 4101 2398 4137 a
2427 4081 2536 4138 basi
2564 4083 2718 4151 ortis,

581 4171 1027 4239 adscendentibus,
1082 4189 1285 4225 summa
1332 4169 1394 4224 ad
1439 4168 1634 4243 apieem
1675 4168 1845 4224 ducta.
1930 4173 2150 4225 Amenta
2200 4180 2338 4225 reeta
2382 4171 2463 4225 vel
2490 4182 2713 4227 curvata.

582 4270 815 4320 Bracteae
856 4260 1103 4336 peltatae,
1153 4260 1294 4335 pelta
1342 4257 1646 4332 triangulari
1683 4256 1765 4311 vel
1804 4255 2162 4312 semicirculari
2192 4256 2395 4329 eiliata3
2430 4260 2600 4325 rarius
2626 4278 2713 4316 eu·

585 4349 1028 4410 ennato-inflexae.
1101 4351 1284 4404 Baecae
1309 4355 1466 4401 tetra-
1495 4343 1578 4402 vel
1610 4343 1851 4417 tri-gono-
1886 4361 2220 4418 compassae,
2257 4345 2606 4406 subcuneatae.
