3153 5134
1579 392 1708 456 322

584 596 770 656 ramis
817 593 997 669 pollice
1043 593 1183 650 baud
1214 589 1566 657 crassioribus,
1602 588 1792 643 cortice
1817 606 1917 641 non
1949 587 2093 642 valde
2123 606 2319 656 crasso,
2355 589 2589 659 duriore,
2625 591 2719 646 sie-

588 683 751 756 ciore‚
783 682 1136 757 fragilissimo,
1169 682 1300 737 sicco
1325 678 1488 735 odoris
1514 676 1792 744 moscbati3
1828 694 1931 750 quo
1958 674 2131 730 siccior
2162 694 2226 730 ac
2254 676 2500 732 vetustior
2523 689 2723 750 corta,

590 790 648 826 eo
688 770 862 826 fortior
904 772 1038 827 odor.
1122 771 1265 825 Cutis
1292 768 1552 844 pruritum
1581 766 1799 831 excitat,
1835 781 1928 817 nec
1960 762 2071 817 ideo
2099 762 2358 818 masticari
2389 773 2568 837 potest.
2640 771 2725 822 ln-

589 859 817 915 ternodia
858 860 1027 915 brevia
1068 858 1256 933 pallide
1297 855 1415 911 rufa
1464 855 1671 909 dissecta
1737 851 1986 924 copiosam
2039 870 2225 924 aquam
2272 851 2533 920 fundunt,
2565 871 2726 927 quae,

589 945 802 1004 fontana
824 948 1123 1014 deficiente,
1158 945 1396 1019 potabilis
1423 952 1515 998 est.
1586 939 1833 995 Ramuli
1860 939 2096 994 laterales
2126 938 2320 1009 multi,
2355 949 2570 1010 teretes,
2591 942 2729 999 baud

590 1035 756 1090 striati
769 1074 788 1104 ,
841 1035 1134 1091 radicantoe.
1202 1032 1374 1089 Folia
1403 1049 1552 1103 supra
1582 1037 1804 1083 saturate
1835 1027 2017 1082 viridia
2032 1067 2050 1095 ,
2085 1026 2267 1082 subtus
2297 1027 2722 1102 cinereo—viridia,

591 1125 775 1198 saporis
816 1134 867 1180 et
908 1122 1072 1179 odoris
1114 1121 1412 1179 acris.1n
1444 1116 1698 1173 umbrosis
1725 1114 1845 1169 folia
1874 1126 1997 1170 sunt
2026 1115 2196 1171 multo
2226 1118 2418 1191 majora
2447 1128 2499 1173 et
2527 1130 2731 1175 amenta

592 1211 847 1272 crassiora.

663 1304 845 1369 Usus,
901 1298 1076 1354 eodem
1121 1305 1325 1353 auctore
1361 1304 1511 1361 teste,
1548 1292 1850 1347 foliorum
1882 1300 1936 1346 et
1966 1302 2349 1347 amentor-um
2377 1292 2552 1349 nullus
2581 1313 2730 1369 pecu-

597 1386 774 1456 liaris,
826 1387 910 1444 sed
952 1386 1108 1442 rami
1155 1384 1408 1441 crassiores
1452 1392 1596 1436 trans
1642 1398 1784 1435 mare
1827 1379 2184 1453 navigantibus
2225 1379 2536 1450 inserviunt,
2584 1385 2675 1457 qui
2703 1402 2735 1439 e

604 1474 825 1530 dissectis
854 1474 1101 1549 copiosam
1129 1490 1314 1548 aquam
1349 1469 1621 1543 colligunt.
1691 1465 1959 1522 Corticis
1984 1484 2099 1520 vero
2121 1486 2243 1521 usus
2267 1467 2400 1540 apud
2422 1467 2736 1544 Haleyensoe,

600 1566 814 1619 Javanos
855 1572 909 1617 et
939 1561 1234 1635 Baleyenses
1280 1556 1544 1613 familiaris
1590 1564 1688 1623 est,
1744 1573 1868 1609 cum
1907 1573 2040 1629 aqua
2068 1564 2309 1610 contusus
2340 1555 2405 1610 ad
2438 1558 2739 1616 vestimenta

605 1648 854 1706 abluenda
893 1648 1135 1715 inservit,
1170 1646 1356 1723 quibus
1382 1655 1590 1719 gratum
1624 1642 1828 1697 odorem
1860 1641 2114 1698 conciliat.
2184 1646 2245 1697 In
2275 1652 2394 1697 cute
2419 1652 2472 1697 et
2500 1663 2585 1700 ore
2615 1666 2738 1721 pm-

604 1738 768 1793 ritum
811 1736 994 1792 excitat
1009 1774 1028 1804 ,
1061 1744 1115 1790 et
1157 1734 1369 1809 quidam
1405 1731 1578 1805 populi
1607 1749 1727 1785 eum
1760 1728 2002 1797 ictericis,
2035 1729 2443 1787 febricitantibus
2469 1733 2739 1808 propinan-

601 1837 711 1884 tur.
781 1830 942 1882 Extus
985 1843 1104 1880 cum
1150 1821 1528 1898 Caryopbyllis‚
1571 1838 1704 1874 nuce
1745 1818 2016 1875 moschata
2048 1819 2159 1875 cuti
2216 1820 2439 1877 illinitus
2483 1822 2744 1881 dola-ibus

603 1914 924 1991 spasmcdicis
951 1912 1203 1969 medetur.
1275 1910 1447 1966 Folia
1476 1908 1632 1964 fiunti
1663 1907 1852 1963 illinita
1881 1908 2245 1983 cephalalgiam
2277 1910 2487 1968 tullum.

678 2090 895 2147 Adnot.
966 2088 1154 2144 Affinis
1181 2086 1365 2163 species
1385 2106 1418 2141 a
1449 2100 1679 2140 nummo
1706 2086 1763 2139 in
1784 2085 1960 2141 eodem
1988 2086 2151 2159 capite
2177 2098 2523 2143 enumeratur:
2555 2088 2747 2161 Tjabe

609 2182 783 2236 Utan.
867 2176 1074 2232 Caulis
1116 2176 1257 2231 binos
1302 2175 1484 2249 digitos
1528 2189 1753 2241 crassus,
1807 2174 2040 2249 ramique
2087 2173 2229 2230 omni
2276 2176 2505 2232 acredine
2546 2187 2737 2236 carent.

612 2266 784 2322 Folia
839 2265 1068 2338 majora,
1130 2262 1584 2338 5—6·pollicaria‚
1632 2262 1859 2336 palmam
1912 2262 2051 2330 lata,
2100 2267 2249 2318 6-7
2292 2265 2455 2319 nervis
2498 2275 2745 2339 penato.

611 2359 873 2411 Amenta
914 2351 1137 2426 digitum
1177 2352 1360 2425 longa,
1408 2349 1687 2405 Siribcae
1731 2349 1986 2419 crassitie,
2036 2350 2264 2423 primum
2313 2351 2747 2425 dumo-viridia,

614 2440 727 2497 dein
758 2442 899 2497 lutae
914 2480 932 2511 ‚
966 2440 1173 2497 tandem
1206 2439 1390 2509 rubra,
1423 2439 1610 2514 saporis
1638 2437 1793 2495 fatui.

704 2634 798 2695 10.
895 2639 1129 2709 Piper
1176 2638 1712 2710 philippium.
1815 2629 1999 2690 Caule
2050 2629 2337 2691 fruticoso
2385 2633 2711 2696 scandente
2729 2681 2748 2712 ,

625 2738 785 2798 foliis
816 2738 1114 2817 petiolatis
1132 2791 1149 2814 ,
1190 2738 1490 2817 oblongiS,
1529 2735 1657 2794 basi
1679 2734 1898 2793 leviter
1929 2734 2236 2814 inaequali
2269 2736 2716 2799 subrotundatis
2732 2784 2756 2817 ,

627 2841 835 2920 paullo
870 2841 1116 2920 oblique
1152 2840 1537 2914 acuminatis,
1558 2837 2029 2899 membranaceis
2044 2837 2165 2920 (vel
2187 2838 2428 2900 demum
2448 2840 2758 2922 coriaceis)

634 2944 1014 3005 subtilissime
1050 2941 1712 3023 pellucido-punctatis,
1751 2939 2040 3020 utrinque
2071 2941 2319 3019 glabris,
2363 2942 2571 3004 subtus
2594 2945 2761 3023 glau-

634 3048 754 3123 cis,
812 3042 1545 3125 sublepidoto·punctatis,
1587 3041 2123 3121 quintuplinerviis
2137 3088 2158 3119 ,
2197 3045 2451 3104 amentis
2481 3046 2760 3108 femineis

636 3149 927 3227 elongatis
975 3147 1356 3208 remotifloris
1372 3190 1393 3223 ,
1450 3145 1824 3224 stigmatibus
1854 3144 2049 3204 tribus
2080 3147 2287 3207 crassis
2316 3149 2505 3208 oratis
2517 3193 2537 3224 ‚
2575 3149 2760 3211 obtu-

635 3253 717 3313 sis
734 3298 751 3327 ,
787 3252 1056 3326 reflexis,
1095 3251 1368 3313 ovarium
1405 3250 1532 3309 fere
1569 3248 1998 3328 aequantibus,
2039 3247 2236 3309 baccis
2268 3252 2558 3314 ovalibus.

720 3355 1013 3415 Habitat
1062 3355 1128 3413 in
1181 3354 1391 3414 insulis
1423 3352 1784 3432 Philippinis
1819 3351 2136 3432 (Cumingl
2180 3352 2245 3412 in
2281 3354 2459 3417 Herb.
2495 3355 2574 3417 de
2608 3357 2760 3420 Lens.

639 3479 699 3518 u.
743 3458 937 3535 1624,
970 3479 1048 3519 an
1086 3466 1146 3519 et
1183 3458 1301 3520 912
1333 3458 1513 3538 stirps
1540 3452 1780 3536 masc.‘?)

710 3608 897 3660 Frutex
927 3604 1166 3659 scandens
1189 3605 1378 3678 glaber.
1450 3604 1700 3659 Remuli
1729 3601 2047 3657 teretiusculi
2079 3601 2159 3657 vel
2188 3622 2291 3658 uno
2317 3603 2475 3660 latere
2501 3606 2766 3681 compressi

639 3692 834 3768 glabri,
882 3692 936 3746 in
979 3693 1105 3747 sicco
1151 3692 1281 3747 fusci
1326 3691 1553 3747 striulati
1571 3731 1589 3759 ,
1642 3690 2202 3764 glanduloso-adspersi,
2241 3692 2441 3763 nodosi3
2482 3694 2773 3750 internodia

643 3784 789 3835 3-6
835 3789 966 3834 cent.
1015 3779 1197 3851 longa,
1240 3778 1421 3834 farcta.
1509 3778 1683 3833 Folia
1729 3786 1918 3842 erecta,
1955 3776 2209 3851 petiolis
2238 3782 2413 3845 1}—1
2450 3791 2584 3836 cent.
2613 3783 2775 3856 longis

641 3869 882 3924 tenuibus
908 3867 1243 3922 teretiusculis
1274 3870 1440 3923 antice
1469 3866 1722 3940 profunde
1757 3865 2139 3926 canaliculatis,
2171 3868 2225 3922 in
2258 3869 2386 3924 sicco
2414 3867 2594 3937 fuscis,
2632 3869 2775 3943 glan.

643 3957 829 4013 dulosis
876 3954 1121 4019 suffulta,
1170 3956 1387 4028 stirpis
1418 3953 1682 4009 feminae
1710 3953 2094 4008 membranacea
2136 3955 2464 4012 subtilissime
2506 3958 2776 4032 pellucido·

644 4053 891 4121 punctata
907 4080 924 4106 ,
959 4041 1202 4113 utrinque
1234 4041 1408 4113 glabra
1426 4081 1443 4108 ,
1478 4060 1632 4113 supra
1661 4040 1977 4109 atroviridia‚
2010 4041 2192 4096 subtus
2221 4042 2401 4115 glauca
2429 4053 2482 4098 et
2510 4044 2608 4099 sub
2638 4045 2777 4100 lente

645 4134 788 4209 quasi
849 4131 1316 4205 lepidae-adspersa
1334 4171 1350 4197 ‚
1416 4131 1636 4206 elliptica
1698 4131 1777 4185 vel
1828 4143 1995 4187 ovato-
2041 4142 2133 4187 aut
2183 4132 2739 4210 subobovato·elliptica
2756 4174 2774 4203 ‚

641 4222 941 4295 plerumque
983 4219 1103 4272 inde
1151 4237 1180 4271 a
1227 4218 1392 4273 medio
1432 4237 1599 4272 versus
1629 4218 1773 4273 basin
1806 4219 1983 4292 paullo
2015 4230 2314 4293 angustata,
2348 4221 2456 4277 basi
2487 4223 2667 4278 leviter
2692 4224 2773 4277 in·

641 4308 835 4383 aequali
869 4306 1139 4361 rotundata
1168 4315 1261 4360 aut
1290 4326 1402 4360 raro
1428 4305 1672 4360 subacuta
1686 4347 1703 4375 ,
1735 4307 1874 4381 apice
1901 4308 2021 4361 satis
2048 4307 2219 4363 subito
2242 4320 2292 4363 et
2313 4309 2519 4385 oblique
2548 4310 2767 4385 longius-

635 4395 756 4449 cule
798 4394 1087 4449 acuminata
1104 4433 1120 4460 ,
1171 4394 1404 4446 acumine
1451 4393 1796 4448 obtusiusculo
1841 4392 2233 4449 snbmucronato
2252 4436 2268 4464 ,
2305 4397 2739 4470 quintuplinervia
2755 4438 2771 4466 ,
