3153 5134
1380 392 1507 453 257

358 589 596 655 eustatie
612 637 630 668 ,
680 584 1046 670 pedunculis
1088 586 1315 666 petiole
1349 586 1751 666 longioribus,
1798 588 2055 648 amentis
2091 589 2367 652 femineis
2399 613 2498 675 cy·

356 694 635 756 lindi-icis
685 691 974 753 brevibus
1022 710 1229 751 versus
1280 690 1516 769 apicem
1566 690 1781 769 paullo
1830 694 2187 771 attenuatis,
2244 698 2497 758 maturis

355 796 751 873 rubicundis,
817 794 1023 855 ovario
1076 793 1290 872 glabro
1308 838 1325 869 ,
1388 778 1767 872 stigmatibus
1806 793 1845 852 3
1867 840 1885 871 ‚
1924 795 2158 857 semine
2213 798 2494 877 globoso-

352 900 615 979 oblongo
658 897 1447 975 lenticulari-subtetragouo
1460 942 1479 973 ,
1529 914 1708 955 masc.
1756 898 2277 978 tereti-elongatis,
2318 901 2491 963 flori-

356 998 473 1064 bus
514 1001 803 1063 diandris.

426 1130 586 1180 Icon.
616 1122 841 1197 Rumpb.
874 1121 911 1178 l.
942 1141 988 1177 c.
1020 1121 1143 1177 Tab.
1176 1124 1285 1175 116
1312 1120 1405 1193 fig.
1438 1123 1504 1188 1,
1538 1119 1676 1173 mala
1706 1119 1773 1174 ob
1806 1118 1924 1175 folia
1956 1123 2256 1196 opposita,
2296 1137 2498 1182 amenta

350 1211 457 1267 basi
491 1212 777 1286 calyculata
812 1208 901 1265 rel.
939 1209 1024 1264 sed
1060 1228 1119 1263 ex
1157 1208 1488 1282 descriptione
1524 1208 1828 1264 certissima.
1861 1240 1933 1250 --
1972 1210 2154 1266 Blume
2184 1212 2224 1269 l.
2256 1231 2303 1269 c.
2333 1213 2427 1288 fig.
2455 1219 2495 1270 9

352 1299 467 1356 tolia
500 1301 696 1376 xylogr.

434 1419 722 1486 Habitat
750 1422 816 1485 in
848 1421 1059 1483 insulis
1087 1419 1417 1499 Sundaicis,
1449 1420 1829 1503 Philippinis‚
1860 1432 2185 1505 spontanea
2211 1435 2274 1489 et
2297 1425 2483 1506 culta,

357 1528 767 1589 verisimiliter
804 1524 988 1587 etiam
1029 1521 1095 1585 iu
1134 1524 1415 1604 Bengalia
1435 1571 1453 1602 ‚
1505 1524 1773 1605 Nepalia.
1816 1559 1898 1573 -
1941 1529 2228 1609 »Copiose
2272 1532 2491 1592 crescit

354 1629 420 1690 in
452 1631 600 1691 Java
633 1638 694 1691 et
725 1629 942 1709 Balcya
978 1628 1068 1688 uti
1099 1636 1160 1687 et
1190 1628 1255 1686 in
1290 1626 1567 1705 Bengalo.
1642 1629 1716 1688 In
1751 1628 2179 1693 Amboina....
2214 1652 2352 1693 raro
2387 1653 2486 1694 co·

352 1733 527 1809 litur,
565 1733 643 1792 ad
678 1733 918 1792 arbores
955 1731 1260 1809 Moringae
1297 1730 1394 1789 vel
1428 1729 1675 1809 Calappi
1707 1731 2022 1817 scandens,
2057 1733 2224 1794 haud
2257 1735 2337 1795 ad
2366 1735 2490 1795 sus·

354 1842 461 1896 tes.
542 1835 616 1893 In
653 1833 763 1894 ins.
797 1834 1123 1894 Oeliassera
1156 1841 1219 1894 et
1256 1832 1389 1911 ejus
1423 1833 1654 1894 boreali
1690 1835 1825 1893 sinu
1861 1835 2161 1896 Hatoeana
2192 1835 2490 1916 copiosior

353 1944 443 1997 est
471 1957 656 2017 quam
693 1937 828 1997 aliis
859 1937 1063 1997 locis.''
1103 1935 1396 2017 (Rumph.
1432 1935 1473 1996 l.
1495 1935 1580 2015 c.)
1609 1936 1781 1997 —In
1810 1937 1955 1997 Java
1989 1938 2184 1998 insula
2211 1938 2489 2017 inprimis
2532 2000 2539 2007 ,

350 2037 419 2099 in
454 2038 803 2117 regionibus
833 2037 1149 2099 maritimis
1175 2037 1428 2114 colitur,
1462 2037 1566 2098 scd
1598 2045 1921 2117 spontanea
1951 2036 2132 2099 eliam
2161 2048 2486 2117 generatur

350 2140 420 2201 in
469 2142 646 2202 Saiak
695 2149 934 2218 monte,
991 2137 1213 2202 incolis
1262 2141 1442 2219 Tjabe
1492 2157 1706 2219 prauw
1756 2138 1854 2202 vel
1901 2141 2083 2221 Tjabe
2129 2162 2273 2223 arcy
2324 2142 2490 2206 dicta

351 2242 620 2324 (Blumei
662 2242 703 2302 1.
736 2262 790 2304 c.
835 2251 896 2301 et
938 2241 1004 2301 iu
1040 2242 1215 2302 Herb.
1252 2241 1444 2320 Lugd.
1480 2240 1651 2322 Bar).
1692 2243 1857 2303 Teste
1890 2263 2133 2304 nummo
2172 2245 2486 2306 malaice

350 2345 589 2425 Tsjabe,
640 2344 800 2404 Lada
843 2342 1138 2423 Padjang‚
1190 2344 1552 2405 lavanice
1596 2346 1785 2422 Tabe,
1835 2345 2041 2424 Tjabe,
2084 2345 2303 2423 Tabea,
2345 2367 2491 2409 am-

352 2447 659 2508 boinice
700 2446 766 2506 iu
810 2446 1232 2525 Leytimora
1278 2447 1485 2506 Marisa
1532 2447 1749 2507 Ammo
1804 2455 1867 2507 et
1921 2447 2182 2525 Maritsja
2234 2448 2480 2528 Amme,

355 2548 424 2610 in
454 2548 718 2609 Hitoea
750 2548 949 2610 Malisa
982 2549 1212 2625 Camul,
1245 2548 1635 2628 bengalice
1664 2548 1981 2627 Pimpelin,
2006 2557 2157 2610 caet.
2188 2584 2269 2596 —
2293 2550 2488 2632 Prope

354 2652 658 2714 Bataviam
706 2652 912 2732 (Alph.
962 2652 1048 2711 De
1098 2653 1273 2711 Less.!
1330 2652 1396 2710 in
1430 2651 1536 2710 Hb.
1570 2649 1657 2711 De
1694 2648 1890 2729 Less.)‚
1923 2669 2112 2730 prope
2143 2651 2487 2734 Sourabaya

350 2753 549 2838 (Hcrb.
586 2748 835 2814 Venten.
841 2757 909 2830 2),
948 2751 1014 2813 iu
1057 2751 1236 2832 sylvis
1280 2753 1548 2813 humidis
1598 2753 1913 2835 (Perottet!
1958 2754 2133 2815 Herb.
2169 2754 2255 2814 De
2289 2756 2488 2838 Lesa.»

353 2859 418 2918 in
467 2858 682 2917 insulis
731 2856 1091 2935 Philippinis
1136 2855 1442 2936 (Cuming!
1504 2876 1564 2915 ιι.
1605 2853 1811 2915 1248
1794 2876 1861 2914 ιιι
1894 2856 2073 2917 Herb.
2117 2877 2243 2935 reg.
2292 2858 2492 2925 berol.

352 2969 419 3021 et
460 2961 547 3020 De
590 2958 795 3040 Less.).
844 2959 910 3019 in
958 2957 1155 3017 insula
1191 2958 1439 3036 Lucon'?
1497 2957 1769 3038 (Haenke
1821 2957 1861 3016 l.
1916 2955 2022 3034 c.,)
2079 2958 2147 3018 in
2201 2958 2488 3038 Bengalia

351 3060 735 3143 (Roxburgffl
788 3061 1035 3120 nomine
1076 3059 1137 3120 P.
1183 3060 1433 3138 longum
1479 3060 1544 3118 in
1591 3059 1768 3118 Herb.
1804 3059 1890 3120 De
1926 3061 2077 3119 Less.
2081 3057 2129 3140 ),
2171 3062 2303 3121 aliis
2336 3063 2485 3122 locis

354 3165 582 3224 ibidem
616 3163 908 3245 (Wallich
940 3184 1001 3223 n.
1034 3161 1196 3222 6650
1229 3163 1293 3222 E.
1322 3178 1461 3222 cum
1492 3161 1553 3222 P.
1582 3159 1943 3241 peepuloide
1970 3162 2225 3243 aliisque
2250 3164 2483 3246 mixta),

351 3267 420 3327 in
451 3266 647 3326 insula
676 3265 877 3326 Timor
908 3265 1285 3348 (Guicherot!
1331 3264 1492 3343 apud
1527 3263 1812 3323 Decaisne
1847 3264 1888 3325 l.
1926 3262 2005 3347 c.)

421 3406 708 3458 Adnotatio
743 3405 951 3460 critica.
1020 3405 1332 3479 synonymia
1364 3403 1524 3476 hujus
1557 3403 1731 3477 speciei
1761 3403 2099 3459 diversissimis
2127 3405 2378 3460 erroribus
2406 3406 2487 3460 iu-

347 3491 568 3566 quilina‚
604 3492 669 3545 ad
703 3511 860 3565 quam
898 3490 1024 3545 bene
1059 3491 1399 3545 extricandam
1446 3492 1501 3545 id
1547 3494 1778 3565 primum
1815 3493 2120 3560 tenendum,
2166 3495 2339 3567 Piper
2362 3492 2489 3547 lon-

348 3598 495 3653 gum
540 3593 729 3632 numu.
772 3579 812 3634 l.
857 3597 901 3633 c.
946 3579 1121 3651 speciei
1165 3579 1309 3633 basin
1357 3579 1541 3633 sistere.
1617 3584 1735 3634 Iccn
1777 3581 2101 3655 Rumphiana
2136 3581 2227 3633 etsi
2264 3580 2399 3634 mala
2435 3591 2488 3635 et

351 3664 660 3738 negligenter
694 3664 829 3738 picta
864 3674 980 3718 tum
1018 3684 1105 3738 per
1128 3685 1199 3732 se,
1238 3676 1354 3720 tum
1394 3677 1597 3741 propter
1630 3668 2008 3742 descriptionem
2040 3668 2401 3723 accuratiorem
2437 3679 2492 3723 et

348 3752 589 3808 fusiorem
642 3750 703 3804 de
753 3763 1071 3807 amentorum
1126 3773 1219 3807 usu
1272 3754 1463 3809 medico
1510 3755 1927 3829 disputationem,
1977 3757 2134 3810 dubia
2181 3767 2354 3811 tamen
2387 3776 2488 3811 non

347 3840 620 3914 relinquit,
679 3859 836 3913 quare
890 3841 1050 3895 nescio
1102 3861 1203 3916 quo
1253 3842 1441 3897 infelici
1490 3863 1610 3898 casu
1662 3844 1730 3901 cl.
1794 3860 1964 3898 smnus
2016 3844 2214 3899 duabus
2261 3846 2485 3900 diversis-

351 3947 451 4003 que
490 3926 741 3999 speciebus
789 3926 928 3980 idem
980 3946 1293 4001 synonymon
1359 3930 1700 4002 adscripserim
1751 3932 2051 3986 Cbavicae
2100 3932 2206 3987 scil.
2253 3932 2488 3986 Chabae

346 4015 550 4088 (Piper
585 4015 667 4070 Bl.
701 4033 792 4069 nec
828 4017 1064 4085 Hunt.)‚
1100 4035 1228 4089 quae
1258 4014 1490 4071 foliorum
1523 4017 1716 4080 forma,
1753 4038 2019 4072 nervorum
2050 4017 2406 4071 distributione
2432 4029 2485 4071 et

349 4104 566 4160 amentis
593 4113 699 4157 toto
727 4103 861 4157 coelo
886 4100 1076 4169 differt,
1107 4121 1163 4155 eo
1191 4113 1250 4156 ut
1276 4103 1475 4157 videtur
1496 4105 1730 4178 deceptus
1752 4105 1889 4179 quod
1913 4123 2061 4158 suum
2088 4103 2261 4176 Piper
2286 4107 2323 4156 C
2333 4102 2485 4159 haba

347 4211 439 4265 pro
463 4190 637 4245 eodem
652 4210 711 4245 ac
725 4189 1096 4263 homonymum
1112 4190 1478 4242 Hunterianum
1498 4191 1606 4259 (cui
1622 4205 1887 4243 nummus
1906 4198 2244 4243 memoratum
2265 4203 2484 4242 nummu

346 4297 665 4353 syncnymon
712 4289 963 4353 tanquam
999 4278 1140 4332 basin
1168 4275 1410 4345 addidit),
1449 4276 1712 4346 habuerit3
1747 4296 1893 4350 porro
1923 4276 2122 4348 Piper-i
2171 4295 2258 4329 suo
2304 4276 2484 4350 longo

340 4385 665 4440 synonymou
708 4365 1077 4441 homonymum
1121 4363 1505 4436 Rumphianum
1531 4365 1595 4435 (Ι.
1641 4384 1687 4420 c.
1723 4383 1777 4436 p.
1809 4365 1941 4435 198)
1976 4363 2258 4418 adscribens
2293 4363 2484 4439 figuras

2077 4456 2127 4494 ιι
