3153 5134
1638 347 1679 406 6

593 561 715 627 bus
757 553 1070 625 fruticosis
1116 566 1184 619 et
1218 549 1769 619 arborescentibus
1802 548 1980 616 radix
2011 548 2305 638 primaria
2339 571 2539 617 crassa
2585 564 2680 617 est
2698 600 2715 629 ,

596 680 869 771 lignosa,
917 670 1280 764 profunda,
1313 692 1578 738 ramosa.
1668 671 2004 736 Structura
2035 669 2259 735 eadem
2294 690 2368 735 ac
2400 667 2716 747 caulium,

600 798 715 866 sed
767 794 945 864 radix
990 793 1169 860 haud
1200 792 1441 860 nodosa
1473 803 1567 857 est
1596 812 1746 856 cum
1777 787 2155 856 continuata
2187 787 2589 879 vegetatione
2619 787 2718 854 in-

602 928 863 985 crescat.
935 915 1192 980 Praeter
1216 910 1387 976 hanc
1418 909 1788 999 frequentes
1819 922 1971 975 sunt
2002 908 2339 976 radicellac
2373 909 2723 977 herbaceae

606 1035 704 1103 vel
733 1034 1035 1125 lignosae,
1064 1012 1305 1111 breveS,
1340 1028 1761 1109 fasciculatae,
1784 1051 1859 1096 ex
1887 1051 2101 1098 averso
2117 1028 2252 1097 folii
2270 1029 2470 1097 latere
2486 1027 2724 1097 enodis

602 1154 804 1223 rarius
834 1177 911 1221 ex
943 1149 1324 1219 internodiis
1351 1163 1685 1239 protrusae
1717 1147 1953 1238 quibus
1984 1162 2097 1216 aut
2127 1171 2317 1238 supra
2350 1161 2587 1217 terram
2621 1169 2724 1214 re-

604 1287 776 1366 punt
822 1261 919 1339 vel
961 1273 1149 1361 juxta
1199 1270 1457 1337 arbores
1507 1269 1637 1335 alte
1674 1268 2028 1349 scandunt,
2075 1281 2145 1335 et
2175 1266 2474 1335 facillime
2506 1265 2726 1334 multi-

605 1393 950 1485 plicantur.
1080 1388 1470 1480 (Pipereae
1528 1371 1755 1454 veteris
1805 1385 1979 1455 orbis
2021 1387 2156 1455 fere
2204 1409 2451 1469 omnes,
2512 1387 2729 1478 plures

605 1511 1076 1591 Artanthes,
1122 1508 1505 1588 Enckeae,
1551 1505 1928 1575 Ottoniae
1962 1505 2226 1596 species,
2262 1504 2725 1584 Callianira,

605 1630 1014 1711 scandentes,
1061 1625 1604 1718 Peperomieae
1647 1623 1990 1716 repentes).

695 1750 957 1819 Caulis
981 1771 1202 1818 omnes
1224 1771 1260 1815 a
1290 1747 1518 1814 tubere
1547 1745 2050 1835 Peperomiae
2082 1748 2286 1815 Sect.
2320 1747 2731 1819 Tildeniae

605 1890 810 1959 usque
838 1869 925 1935 ad
957 1880 1263 1934 truncum
1286 1865 1793 1954 Piperearum
1826 1865 2326 1933 arborearum
2355 1869 2730 1937 evolutionis

607 1988 847 2080 gradus
911 1984 1148 2054 obfert.
1210 1982 1461 2049 Tuber
1509 1981 1918 2050 Tildeniae
1965 1997 2059 2050 est
2119 1978 2315 2053 caulis
2362 2001 2734 2055 contractus

606 2129 793 2197 saepe
838 2101 1337 2196 placentiformis
1355 2151 1373 2182 ,
1421 2123 1458 2168 e
1490 2100 1655 2168 facie
1694 2100 1995 2170 inferiore
2031 2115 2167 2172 tota
2200 2105 2394 2172 fibras
2426 2107 2733 2174 radicales

605 2225 959 2295 demittens
978 2275 996 2305 ,
1068 2222 1141 2289 in
1173 2292 1178 2297 ,
1207 2221 1543 2310 superioris
1609 2234 1832 2289 centro
1880 2244 2201 2311 gemmam
2252 2224 2498 2307 fovens,
2562 2248 2731 2316 quae

604 2346 760 2432 folia·
792 2358 860 2412 et
891 2356 1147 2410 amenta
1183 2340 1405 2432 quovis
1438 2362 1613 2410 anno
1645 2341 1997 2429 protrudit.
2088 2326 2167 2409 In
2221 2345 2733 2434 Peperomieis

605 2468 739 2536 fere
764 2463 1064 2534 omnibus
1087 2461 1284 2529 caulis
1310 2475 1407 2529 est
1429 2461 1811 2543 herbaceuS,
1839 2461 1906 2528 in
1936 2461 2320 2552 quibusdam
2346 2464 2729 2555 liguescens,

609 2610 794 2678 saepe
827 2586 1232 2655 succulentus
1266 2584 1364 2650 vel
1394 2606 1695 2653 carnosus
1714 2634 1732 2666 ,
1779 2606 1930 2653 mox
1958 2607 2194 2653 crassus
2213 2637 2231 2667 ,
2272 2600 2517 2655 erectus
2532 2637 2551 2669 ,
2587 2610 2734 2656 mox

606 2707 924 2778 filiformis
991 2707 1066 2798 (A
1080 2703 1698 2794 erocarpidium)
1748 2718 1818 2772 et
1850 2705 2040 2796 longe
2072 2728 2448 2796 prorepens,
2501 2706 2733 2776 dicho-

609 2843 784 2899 tome
815 2849 1096 2896 ramosus
1132 2840 1247 2894 aut
1274 2847 1484 2894 ramos
1527 2824 1849 2915 oppositos
1879 2824 2405 2915 verticillatosque
2431 2849 2508 2893 ex
2539 2827 2737 2893 axillis

608 2949 906 3020 foliorum
940 2947 1286 3040 proferens.
1380 2946 1616 3011 Omnes
1647 2943 1723 3009 Pi
1737 2965 2236 3032 peracearum
2265 2945 2474 3012 caules
2507 2945 2731 3015 nodosi

611 3082 799 3149 sunt,
846 3065 1034 3136 nodis
1081 3064 1343 3133 tumidis
1379 3064 1598 3131 medio
1624 3063 2008 3152 plerumque
2039 3064 2420 3132 constrictis.
2518 3067 2739 3135 Varius

614 3202 835 3255 autem
881 3199 977 3253 est
1024 3185 1250 3251 harum
1302 3180 1825 3248 articulationum
1877 3193 2094 3260 ortu8‚
2156 3203 2274 3269 pro
2324 3183 2739 3274 vegetationis
2779 3167 2783 3171 ’

612 3305 853 3375 indole.
961 3306 1040 3369 In
1107 3298 1685 3391 Peperomieis
1750 3298 1880 3366 scil.
1945 3298 2419 3367 incrementum
2483 3301 2739 3371 obtinet

614 3448 870 3520 gemma
906 3420 1228 3491 terminali
1260 3419 1505 3488 caulem
1541 3418 1994 3499 continuante,
2032 3430 2099 3484 et
2135 3418 2504 3488 lateralibus
2535 3446 2742 3492 ramos

617 3542 1110 3616 efformantibus
1130 3593 1146 3623 ,
1227 3540 1381 3608 hinc
1440 3536 1689 3628 stipulis
1737 3537 2175 3626 oppositifoliis
2223 3538 2513 3609 deciduis
2580 3541 2736 3630 (vid.

618 3665 816 3755 infra)
880 3675 1105 3730 carent
1122 3711 1140 3741 ,
1205 3674 1273 3728 et
1315 3673 1572 3728 amenta
1618 3657 1891 3726 axillaria
1930 3659 2093 3749 (axes
2123 3659 2255 3729 scil.
2293 3662 2596 3752 axillares)
2649 3665 2743 3732 vel

620 3782 976 3855 terminalia
1016 3783 1183 3873 (axes
1213 3780 1495 3849 caulinos
1530 3778 1930 3867 terminatos)
1979 3781 2340 3870 proferunt.

709 3908 786 3971 In
822 3901 1173 3992 Pipereis
1204 3914 1419 3969 autem
1447 3899 1750 3969 omnibus
1774 3899 2243 3968 incrementum
2274 3900 2746 3993 longitudinale

625 4026 707 4094 ad
749 4021 1034 4116 quemvis
1084 4021 1332 4091 nodum
1367 4021 1809 4112 interruptum
1843 4021 2086 4091 laterali
2118 4044 2371 4113 gemma
2406 3997 2748 4088 continua-

627 4160 755 4214 tur.
848 4142 993 4210 Axis
1041 4142 1181 4210 talis
1227 4141 1502 4211 lateralis
1552 4165 1706 4210 cum
1758 4142 1968 4232 primo
2031 4164 2145 4211 suo
2205 4140 2360 4209 folio
2411 4138 2750 4208 involvitur

630 4263 863 4354 stipula
915 4262 1341 4354 oppositifolia
1364 4315 1381 4346 ,
1428 4287 1598 4354 quae
1653 4263 2126 4357 morphologice
2178 4275 2273 4329 est
2317 4260 2544 4332 folium
2576 4283 2755 4330 axeos
