3153 5134
1594 379 1676 443 44

565 588 715 648 sime
763 583 1218 644 subconvoluta.
1318 577 1655 656 stipulae
1696 576 1763 634 in
1796 575 1928 635 aliis
1962 573 2203 649 nullae,
2246 573 2307 632 in
2346 574 2481 634 aliis
2511 579 2698 655 petio·

564 692 719 750 lares
746 707 924 748 verae
948 685 1149 760 binae,
1175 683 1429 744 adnatae
1455 681 1551 741 vel
1581 680 1827 754 liberae,
1851 676 2149 738 deciduae
2178 676 2274 738 vel
2298 679 2697 757 persistentes,

563 811 805 872 unaque
839 787 1239 870 oppositisolia
1276 783 1547 845 decidua.

641 898 894 956 Flores
924 888 1402 969 hermaphroditi
1434 888 1529 947 vel
1558 885 1839 959 diclines,
1868 883 2083 959 dioici,
2115 884 2303 961 nudi,
2331 886 2695 959 amentacei,

558 1000 782 1064 sessiles
799 1044 817 1074 ,
877 995 1173 1057 rarissime
1222 989 1569 1070 pcdicellati
1604 987 1893 1048 racemosi
1910 1032 1929 1062 ,
1968 987 2194 1065 singuli
2235 986 2475 1048 bractea
2510 987 2694 1047 sessili

556 1103 654 1166 vel
690 1100 1049 1181 pedicellata
1095 1094 1361 1169 suffulti,
1403 1112 1582 1171 supra
1616 1096 1905 1150 amenta
1938 1089 2348 1168 pedunculata
2381 1090 2657 1150 axillaria
2674 1133 2694 1164 ,

560 1204 821 1266 solitaria
838 1248 857 1279 ,
896 1199 1196 1279 opposita,
1237 1196 1430 1256 rarius
1469 1191 2066 1274 pseudo-paniculata
2084 1238 2104 1270 ,
2144 1192 2481 1270 saepissime
2517 1213 2698 1272 oppo-

444 1379 450 1384 ,
558 1307 800 1369 sitifolia
820 1351 838 1381 ,
895 1302 1198 1362 filiformia
1214 1345 1233 1374 ,
1290 1297 1624 1378 cylindrica
1643 1342 1662 1373 ,
1719 1295 2019 1355 rarissime
2070 1294 2312 1372 globosa
2363 1294 2548 1355 dense
2594 1295 2694 1355 vel

557 1417 791 1473 remote
845 1403 1149 1484 dispositi,
1203 1402 1268 1460 in
1302 1399 1665 1480 quibusdam
1691 1398 1982 1458 rhaeheos
2013 1396 2265 1456 foveolis
2298 1397 2695 1458 subimmersi.

637 1510 958 1574 Stamina
993 1508 1032 1569 2
1064 1504 1388 1587 (lateralia)
1428 1511 1534 1565 aut
1569 1502 1730 1561 3-5
1753 1547 1769 1576 ‚
1810 1501 1910 1560 vel
1953 1507 2015 1560 et
2050 1499 2158 1575 10,
2200 1501 2405 1561 ovatio
2437 1509 2562 1561 toto
2597 1500 2697 1560 vel

558 1638 670 1698 pro
698 1622 872 1694 parte
903 1607 1326 1687 circumposita
1344 1652 1363 1681 ,
1399 1607 1489 1686 (in
1523 1605 1675 1665 flore
1707 1622 1888 1664 masc.
1920 1601 2356 1662 uni-rarissime
2391 1600 2693 1684 biseralia)

560 1722 592 1780 f
596 1715 976 1779 ilamentis
1007 1712 1282 1773 deciduis
1332 1711 1432 1770 vel
1465 1707 1955 1788 persistentibus,
1995 1705 2280 1765 tenuibus
2320 1707 2415 1766 vel
2449 1706 2692 1781 crassis,

560 1823 770 1885 liberis
795 1819 898 1882 ,vel
929 1817 1121 1877 ovarii
1153 1816 1314 1892 basi,
1348 1832 1485 1873 raro
1513 1819 1640 1871 toto
1673 1810 1930 1885 adnatis,
1964 1807 2294 1887 aliquando
2316 1809 2447 1869 sere
2486 1809 2687 1868 nullis.

557 1930 664 1988 An
679 1926 756 1984 th
772 1941 941 1984 erae
987 1927 1226 1980 erectae
1275 1915 1637 1976 biloculares
1654 1958 1672 1988 ,
1725 1912 2016 1989 oblongae
2035 1955 2053 1985 ,
2110 1919 2322 1970 ovatae
2377 1911 2475 1972 vel
2525 1910 2687 1970 reui-

557 2031 776 2090 formes
791 2071 809 2101 ,
850 2022 1066 2084 loculis
1098 2019 1381 2100 oppositis
1396 2065 1413 2093 ,
1449 2015 1729 2096 appositis
1763 2015 1860 2074 vel
1894 2012 2252 2073 connectivo
2284 2032 2477 2074 crasso
2510 2014 2690 2073 adna-

556 2133 712 2193 natis
731 2177 747 2206 ‚
803 2122 1326 2204 longitudinaliter
1365 2118 1815 2179 dehiscentibus
1831 2163 1850 2192 ,
1889 2116 1955 2175 in
1997 2116 2278 2197 plurimis
2328 2115 2695 2195 incompleta

560 2231 816 2315 septatis.
901 2226 1161 2288 Pollen
1197 2220 1623 2301 subglobosum
1641 2265 1660 2295 ,
1701 2219 1873 2277 laeve
1890 2263 1909 2293 ,
1950 2217 2344 2296 pellucidum.

645 2332 993 2419 Ovarium
1044 2328 1293 2388 unicum
1333 2321 1842 2400 ovato-globosum
1881 2319 1979 2379 vel
2023 2321 2418 2398 angulosum,
2460 2317 2555 2378 vel
2590 2336 2689 2397 cy-

562 2439 940 2502 lindraceum
956 2479 976 2509 ,
1013 2429 1411 2491 uniloculare.
1469 2423 1785 2485 Ovulum
1810 2423 2063 2483 unicum
2098 2423 2379 2496 basilare,
2413 2421 2688 2480 ovarium

561 2554 755 2608 totum
809 2539 906 2600 vel
939 2557 1050 2617 pro
1084 2541 1253 2613 parte
1283 2530 1542 2610 implens
1555 2575 1574 2606 ,
1616 2529 2035 2608 orthotropum
2053 2572 2072 2603 ,
2113 2524 2440 2604 micropyle
2476 2523 2690 2602 stigma

562 2652 887 2730 spectante.
968 2638 1212 2719 Stylus
1249 2636 1612 2714 plerumque
1657 2633 1902 2707 nullus,
1943 2627 2270 2709 aliquando
2301 2627 2554 2706 simplex
2589 2646 2686 2707 cy·

558 2752 915 2813 lindraceus.
973 2742 1079 2802 Sti
1091 2758 1246 2819 gina
1284 2738 1534 2799 unicum
1568 2736 1770 2797 sessile
1800 2734 2054 2812 simplex
2086 2730 2544 2810 penicillatum,
2577 2739 2691 2790 ter·

560 2854 804 2926 minale,
837 2845 1146 2907 interdum
1167 2843 1231 2901 in
1261 2840 1466 2902 ovario
1483 2839 1735 2919 obliquo
1761 2836 2161 2911 subanticum,
2181 2844 2289 2895 aut
2318 2834 2479 2896 2—6
2500 2854 2692 2895 crassa

563 2953 910 3027 subteretia‚
944 2946 1273 3009 lanceolata
1310 2944 1410 3003 vel
1445 2943 1707 3020 oblonga
1725 2987 1743 3017 ,
1773 2958 2031 3018 superne
2063 2938 2399 3017 hispidula,
2431 2938 2694 3017 plerum·

561 3077 820 3139 rumque
852 3054 1078 3114 reflexa
1094 3095 1113 3126 ,
1147 3048 1406 3108 decidua
1440 3048 1536 3107 vel
1568 3042 1966 3125 persistentia.

643 3164 918 3223 Baccae
979 3172 1268 3215 exsuecae
1321 3152 1421 3211 vel
1479 3150 1769 3230 pulposae
1784 3192 1804 3223 ,
1869 3143 2197 3225 aliquando
2247 3144 2312 3201 in
2365 3141 2695 3202 tumefacto

563 3247 808 3329 amento
858 3261 939 3320 in‘
975 3257 1361 3337 syncarpium
1412 3259 1740 3326 connatae,
1783 3249 2111 3327 oblongae,
2152 3245 2465 3323 globosae,
2508 3244 2692 3303 tri-te·

564 3380 884 3447 tragonae,
945 3381 1015 3421 ac
1071 3360 1365 3432 sulcatae,
1423 3355 1857 3427 cuneiformes,
1901 3354 1964 3410 in
2017 3348 2325 3410 nonnullis
2378 3347 2503 3409 basi
2554 3365 2697 3407 con-

570 3473 774 3533 stricta
807 3462 1472 3548 pseudo-pedicellatae.
1553 3459 1811 3517 Semen
1845 3453 2156 3514 conforme
2183 3459 2474 3526 erectum,
2509 3456 2694 3509 testa

563 3575 1022 3638 membranacea
1039 3575 1091 3643 ,⁴
1131 3566 1401 3627 coriacea
1470 3560 1567 3620 vel
1632 3559 2049 3617 subcrustacea
2067 3601 2085 3631 ,
2143 3555 2302 3615 laevi
2373 3554 2469 3614 vel
2513 3569 2697 3612 'areo-

563 3683 681 3741 lata
701 3724 718 3753 ,
775 3672 1068 3735 umbilico
1121 3668 1362 3727 basilari
1411 3664 1593 3743 plano
1648 3660 1978 3738 micropyle
2046 3678 2082 3720 e
2152 3658 2446 3718 diametro
2512 3675 2695 3735 oppo-

561 3785 691 3843 sito.
770 3777 1140 3837 Albumen
1175 3770 1532 3839 fastuosum,
1573 3780 1892 3822 carnosum
1943 3761 2042 3821 vel
2091 3760 2691 3837 subcartilagineum,

565 3896 626 3946 et
678 3890 825 3941 tunc
873 3874 1319 3944 subradiatum,
1377 3865 1636 3927 solidum
1691 3861 1787 3922 vel
1820 3870 2031 3921 centro
2064 3877 2298 3922 cavum.
2381 3860 2693 3937 Embryo

562 3993 627 4049 in
665 3984 889 4045 vertice
924 3976 1166 4038 seminis
1198 3971 1529 4047 antitropus
1547 4012 1563 4040 ,
1602 3966 1760 4025 intra
1795 3965 2099 4025 sacculum
2137 3965 2450 4044 proprium
2485 3961 2693 4039 persis-

563 4097 790 4152 tentem
822 4077 1150 4142 albuminis
1181 4073 1339 4153 apici
1369 4069 1891 4131 semi-immersum
1927 4068 2023 4127 vel
2058 4068 2404 4145 impositum
2442 4072 2686 4124 conten-

564 4205 694 4268 tus,
754 4186 1057 4255 minutus,
1114 4176 1450 4238 radicula
1485 4191 1701 4251 supera
1734 4172 1906 4232 brevi
1941 4171 2185 4246 obtusa,
2224 4166 2683 4247 cotyledoni-

562 4299 700 4357 bus
729 4287 964 4351 duabus
996 4277 1392 4356 brevissimis,
1432 4276 1690 4352 obtusis,
1731 4275 2172 4355 germinatione
2206 4273 2510 4353 hypogaea
2556 4268 2690 4329 diu·

567 4398 686 4456 tius
715 4386 951 4451 sacculo
987 4381 1310 4447 amniotico
1343 4377 1826 4443 adhaerentibus.
