3153 5134
1548 326 1561 333 ³
1609 357 1736 418 120

529 523 533 526 .
592 561 658 618 lig
682 561 932 639 appositis.
993 558 1283 614 Ovarium
1305 555 1444 610 ovale
1465 553 1707 628 glabrum
1729 571 2000 627 parumper
2021 553 2290 627 obliquum
2304 594 2320 621 ‚
2341 556 2482 627 δρία,
2505 555 2731 630 stigma

596 651 861 728 pubescens
893 666 1066 723 gerens
1100 649 1216 718 (sec.
1248 663 1321 718 sp.
1353 641 1543 698 Humb.
1573 642 1631 695 in
1659 640 1811 696 Herb.
1841 642 2047 713 Willd.)

680 828 779 891 83.
859 825 1313 899 repen-omia
1356 822 1937 881 membranacea
1992 819 2181 880 Hook.
2236 830 2294 879 et
2346 819 2601 882 Amote!
2664 824 2735 879 in

603 931 866 1009 Beechey
913 929 972 988 V
968 948 1061 1013 oy.
1092 948 1158 1007 ρ.
1199 923 1296 985 96.
1393 921 1867 983 Subsucculenta
1883 967 1902 998 ,
1942 921 2412 1000 simpliciuscula
2427 969 2447 1000 ‚
2486 924 2695 1002 glabra
2712 970 2733 1000 ,

603 1035 768 1099 soliis
806 1029 1087 1111 oppositis
1126 1024 1426 1106 petiolatis
1454 1024 1547 1105 (in
1580 1023 1765 1104 sicco)
1793 1024 2060 1083 tenuiter
2089 1024 2561 1086 membranaceis
2594 1027 2731 1106 pel-

600 1137 844 1201 lucido·
876 1141 939 1195 et
968 1127 1671 1212 glandulosovunctatis,
1712 1125 1936 1186 infimis
1960 1126 2373 1201 subrotundis,
2411 1130 2730 1208 superiori·

598 1243 714 1303 bus
763 1236 954 1302 ovatis
1001 1231 1392 1306 acuminatis,
1435 1229 1630 1290 acutis
1665 1228 1766 1290 vel
1797 1228 2221 1290 obtusiusculis
2237 1277 2255 1307 ,
2296 1231 2593 1313 quinque-
2627 1232 2730 1294 vel

598 1342 896 1424 supremis
926 1337 1257 1412 trinerviis,
1292 1333 1546 1394 amentis
1578 1332 1930 1392 axillaribus
1961 1340 2024 1392 et
2055 1333 2507 1412 terminalibus,
2538 1336 2728 1414 graci-

598 1449 792 1521 libus,
831 1438 1238 1513 remotifloris,
1265 1436 1524 1496 bracteis
1555 1434 1997 1497 orbiculat-ibus
2027 1430 2516 1498 membranaceis.

677 1545 975 1609 Habitat
1008 1542 1075 1600 iu
1108 1539 1305 1600 insula
1339 1537 1513 1598 Oahu
1543 1536 1844 1619 (Beechey
1858 1540 1880 1609 Ξ
1904 1537 1944 1598 1.
1972 1556 2025 1597 c.
2056 1543 2118 1598 et
2149 1538 2214 1597 iu
2237 1538 2414 1601 Herb.
2442 1538 2528 1604 De
2552 1538 2740 1622 Lens.)

597 1654 664 1714 in
694 1651 804 1712 ins.
837 1643 1114 1707 Marianis
1143 1639 1483 1723 (Gaudich.!
1525 1639 1596 1700 in
1632 1639 1811 1702 Herb.
1844 1639 1931 1700 De
1963 1641 2115 1702 Less.
2150 1639 2321 1725 216.)

662 1794 829 1856 Herba
873 1791 1223 1869 graeilmta⁸
1199 1823 1233 1862 χ
1282 1787 1433 1842 metri
1478 1787 1564 1842 vix
1609 1785 1749 1856 alta,
1792 1786 1899 1842 basi
1932 1787 2165 1844 radicans
2194 1799 2249 1845 et
2275 1787 2377 1845 iere
2400 1788 2742 1861 decumbens,

588 1893 843 1947 caeterum
887 1889 1068 1936 erecta.
1146 1875 1356 1931 Caulis
1399 1873 1758 1943 succulentus,
1789 1874 1943 1930 laevis
1975 1871 2279 1944 striatulus,
2314 1877 2543 1933 subteres
2559 1915 2578 1946 ,
2611 1878 2733 1933 sim·

593 1975 707 2051 plex
752 1981 845 2027 aut
885 1967 1188 2025 ramulosus.
1268 1964 1560 2020 internodia
1603 1968 1747 2020 3—6
1794 1974 1931 2020 cent.
1976 1963 2159 2038 101138·
2211 1964 2331 2020 nodi
2364 1965 2735 2022 tumidiusculi.

588 2060 760 2119 Folia
788 2058 1013 2136 opposita
1031 2095 1048 2125 ,
1080 2055 1343 2131 patentia,
1374 2051 1643 2128 petiolata,
1679 2053 1733 2107 in
1761 2052 1891 2108 sicco
1922 2052 2146 2108 tenuiter
2176 2051 2588 2122 membranacea,
2622 2052 2729 2126 pel-

587 2147 781 2207 lucido-
827 2146 910 2201 vel
952 2145 1107 2200 etiam
1154 2140 1739 2216 glanduloso-punctata,
1796 2141 1854 2194 iu
1899 2139 2012 2194 vivo
2062 2148 2125 2194 ut
2166 2140 2371 2194 videtur
2405 2139 2737 2208 succulenta,

588 2235 910 2311 marginibus
935 2229 1159 2306 hyalina,
1187 2227 1439 2283 rarissime
1468 2227 1611 2301 apice
1630 2225 1870 2293 ciliolata,
1898 2210 2153 2299 petiolis
2173 2225 2413 2282 tenuibus
2438 2227 2735 2285 semitereti-

589 2319 940 2380 canaliculatis
982 2324 1238 2381 sustmia,
1294 2313 1515 2368 infima
1555 2312 1774 2367 rotunda
1804 2322 1858 2366 et
1889 2310 2241 2381 subrotunda,
2278 2312 2384 2368 basi
2414 2315 2734 2373 acutiuscula

590 2415 662 2478 1}
715 2418 848 2464 cent.
894 2406 1049 2478 longa
1089 2413 1141 2457 et
1189 2400 1327 2469 lata,
1377 2399 1693 2474 superiora
1743 2399 1958 2470 (formae
2006 2399 2161 2454 etiam
2208 2399 2539 2457 intermediae
2585 2405 2733 2474 aunt)

586 2508 734 2556 ovata
760 2494 840 2551 vel
869 2488 1289 2564 ovato-elliptioe‚
1324 2486 1759 2561 subaequilatera,
1795 2485 1903 2540 basi
1936 2485 2408 2542 obtuso-rotundatas
2436 2486 2518 2542 vel
2544 2498 2698 2545 acuta
2711 2527 2734 2559 ,

587 2590 727 2665 apice
773 2580 1087 2658 longiuscule
1133 2578 1452 2643 acuminata,
1497 2575 1570 2628 vel
1604 2583 1658 2629 et
1688 2584 1840 2629 acuta
1866 2584 1917 2629 et
1946 2574 2126 2630 obtusa
2141 2615 2158 2645 ,
2196 2581 2340 2633 2-4
2373 2588 2509 2633 cent.
2541 2577 2734 2651 longa,

593 2679 772 2746 13-2
801 2673 910 2727 lata
937 2668 1016 2723 vel
1045 2666 1222 2741 paullo
1249 2665 1460 2731 latiora,
1497 2662 1751 2737 petiolis
1780 2668 1918 2734 3—1
1955 2675 2088 2720 cent.
2104 2664 2295 2739 longis,
2316 2665 2732 2740 quinquemwia,

586 2780 820 2837 suprema
864 2753 1137 2852 aliquando
1177 2750 1449 2817 trinervia,
1482 2750 1650 2804 nervis
1682 2748 1949 2818 tenuibus,
1955 2751 2151 2810 medio
2176 2752 2239 2807 ad
2268 2752 2499 2827 apicem,
2526 2752 2731 2808 adstan-

586 2851 733 2907 tibus
770 2846 872 2904 fem
914 2843 978 2898 ad
1022 2842 1212 2914 apicem
1256 2836 1686 2937 percurrentibus,
1737 2836 1931 2891 infimis
1960 2836 2321 2894 subtilissimis.
2391 2844 2738 2895 Anastomoses

590 2936 905 2996 neti-eulatae
974 2934 1126 3003 Prope
1175 2926 1457 2999 marginem
1503 2925 1706 2979 subtilis
1750 2944 1936 2980 nervus
1971 2924 2211 2981 decurrit.
2284 2930 2467 2982 Omnes
2501 2946 2602 2981 non
2636 2928 2732 2984 nisi

591 3024 745 3084 lentis
790 3039 881 3095 ope
921 3017 1049 3072 bene
1084 3011 1410 3070 discernendi.
1480 3010 1778 3084 Superficies
1807 3020 2025 3085 utraque
2050 3012 2229 3085 glabra
2255 3032 2528 3086 parumper
2552 3014 2732 3084 nitida.

592 3120 850 3173 Amenta
893 3126 954 3161 ex
997 3103 1135 3178 apice
1170 3100 1487 3156 ramulorum
1519 3097 1740 3152 solitaria
1769 3108 1860 3151 aut
1888 3098 2072 3171 plura,
2105 3095 2301 3166 erecta,
2336 3098 2600 3167 subrecta,
2635 3119 2729 3176 pe-

590 3195 886 3257 dunculis
930 3190 1125 3264 aliquot
1168 3187 1469 3241 millimetra
1509 3184 1675 3257 longis
1718 3182 1908 3256 glabris
1954 3182 2282 3237 fililbrmibus
2318 3193 2577 3252 sustenta,
2608 3196 2735 3244 ante

589 3282 950 3348 florescentium
1005 3283 1150 3334 1--2
1207 3286 1338 3331 cent.
1392 3275 1542 3348 longa
1591 3282 1644 3326 et
1688 3270 1903 3324 bracteis
1946 3268 2233 3324 densissime
2276 3280 2442 3339 tecta,
2494 3272 2732 3331 florentia

597 3383 632 3436 4
679 3383 812 3433 cent.
854 3371 1006 3443 longa
1042 3365 1310 3422 filiformia
1344 3362 1539 3440 glabra
1554 3356 1979 3415 subremotissora.
2051 3355 2255 3411 Flores
2287 3358 2502 3430 paullo‘
2485 3362 2733 3419 immersi.

594 3472 883 3523 Bracteae
919 3454 1258 3533 pedicellatae,
1302 3452 1541 3527 peltatae‚
1580 3444 2017 3511 membranaceae,
2051 3444 2394 3517 persistentes,
2429 3447 2565 3521 pelta
2598 3449 2731 3506 orbi-

596 3548 760 3610 culari
790 3545 870 3602 vel
890 3539 1421 3611 rotundato-oblonga,
1446 3533 1670 3599 fuscula,
1699 3549 1867 3585 versus
1888 3532 2138 3604 margines
2159 3543 2427 3588 extenuata
2449 3546 2502 3591 et
2524 3538 2731 3612 pallida.

595 3637 876 3699 Stamina
911 3632 1012 3688 duo
1041 3628 1346 3685 subexserta.
1416 3623 1765 3678 Filamenta
1789 3618 2131 3675 teretiuscula.
2203 3620 2511 3680 Antherae
2539 3624 2736 3682 sordide

595 3730 783 3793 flavae,
814 3721 1029 3786 nitidae,
1055 3715 1376 3779 bilocularoe,
1406 3707 1745 3782 subglobosae.
1817 3707 2105 3762 Ovarium
2136 3718 2345 3763 ovatum
2373 3722 2736 3787 erecto-patens

591 3815 737 3875 semi·
715 3814 1064 3871 ·immersum,
1113 3802 1252 3876 apice
1294 3798 1467 3875 paullo
1495 3803 1748 3870 protracto
1792 3794 2017 3868 stigma
2053 3797 2387 3853 rotundatum
2419 3798 2730 3874 puberulum

596 3920 789 3981 gerens.
857 3900 1081 3949 Baceae
1125 3898 1297 3942 ovatae
1341 3896 1471 3940 atro·
1478 3883 1673 3952 fuscae,
1724 3882 1863 3957 apice
1908 3882 2187 3940 cicatrisato
2226 3887 2396 3962 paullo
2424 3896 2727 3966 protractae,

595 3988 1003 4047 semi-immersae
1036 3978 1154 4046 (sec.
1184 3992 1258 4046 sp.
1291 3972 1489 4041 Bccch.)

671 4057 1597 4149 SpeciminaeGaudichaudiana
1630 4055 1815 4112 sterilia
1847 4055 1980 4114 foliis
2003 4059 2164 4136 magis
2186 4059 2381 4116 obtusis
2399 4079 2431 4119 a
2453 4060 2725 4137 Becchcya-

594 4167 672 4224 nis
697 4157 961 4218 differunt·

682 4337 778 4399 84.
859 4329 1314 4407 repen-omia
1369 4329 1819 4392 Hateriano.
1919 4326 2106 4407 Piper
2156 4324 2508 4389 adscendens
2559 4328 2732 4392 End-
