3153 5134
1625 371 1752 434 496

624 570 798 626 Folia
822 567 1253 642 eiecto-patentia,
1291 566 1709 643 brevi—petiolata.
1783 568 2008 624 Petioli
2037 567 2368 637 semiteretes,
2401 565 2755 624 subeanalicu·

617 659 741 727 lati,
778 658 885 713 basi
914 657 1181 731 vagiuantc
1213 656 1270 709 in
1300 655 1493 709 lineam
1526 656 1861 710 articulorum
1895 656 2196 710 circularem
2239 664 2578 727 transeuntes,
2617 676 2752 712 eam·

620 767 721 823 qne
748 747 1040 812 formantes,
1076 743 1264 817 glabri,
1302 754 1592 797 antrorsum
1624 744 1688 797 ad
1717 743 1968 816 margines
1996 742 2095 798 sub
2125 743 2261 796 lente
2292 740 2543 797 levissime
2568 743 2755 813 scabri,

618 840 652 890 1
685 844 819 889 cent.
850 833 955 887 fere
975 831 1130 905 longi.
1201 831 1490 885 Lamiuae
1520 831 1964 904 ovato-ellipticae‚
1992 830 2328 906 ellipticaeve‚
2357 829 2621 905 obliquae,
2646 832 2755 887 basi

616 923 891 979 mtundata
923 920 1230 996 inaequales,
1265 919 1423 973 latere
1461 919 1569 974 scil.
1608 917 1843 974 inferiore
1884 919 2182 994 profundius
2202 919 2356 992 juxta
2384 919 2636 992 petiolum
2667 922 2754 977 de·

526 1001 536 1009 ’
611 1020 844 1065 eurimte
886 1009 1035 1078 (dum
1082 1007 1307 1081 superior
1350 1006 1563 1061 dimidia
1608 1025 1724 1079 pars
1767 1007 1907 1081 quasi
1938 1017 2123 1062 resecta
2157 1010 2275 1077 oet),
2312 1007 2541 1080 margine
2574 1017 2750 1063 autem

618 1097 903 1152 eonvexiore
937 1095 1146 1169 gaudet,
1200 1113 1356 1169 quam
1400 1092 1628 1149 inferior.
1697 1100 1834 1166 Apex
1880 1094 2168 1150 brevissime
2197 1104 2251 1147 et
2280 1112 2421 1167 saepe
2448 1095 2531 1149 vix
2560 1096 2753 1151 acumi-

609 1197 780 1242 natus,
833 1189 946 1254 Quo
976 1183 1169 1256 majora
1198 1192 1251 1235 et
1277 1180 1459 1235 latiora
1488 1180 1609 1234 folia
1639 1199 1695 1235 eo
1730 1181 1891 1254 magis
1915 1180 2234 1254 inaequalia,
2271 1179 2601 1253 angustiora,
2626 1202 2755 1257 quae

608 1275 667 1329 iu
699 1272 1032 1328 lanceolatam
1061 1270 1278 1324 formam
1300 1279 1594 1338 transeunt,
1624 1269 1926 1344 plerumque
1946 1269 2048 1323 fere
2070 1269 2315 1344 aequalia.
2355 1273 2539 1324 Nervus
2554 1272 2751 1328 medius

608 1365 667 1419 in
700 1361 933 1416 inferiore
962 1359 1145 1432 pagina
1173 1358 1293 1411 satis
1321 1357 1607 1430 prominens
1636 1357 1871 1412 laterales
1899 1366 2059 1420 costas
2097 1377 2302 1413 venosas
2330 1367 2505 1412 tenues
2528 1359 2750 1416 alterna-

612 1451 715 1506 tim
752 1448 970 1514 emittit,
1004 1447 1111 1519 ipso
1143 1445 1306 1499 multo
1342 1445 1619 1513 tenuiores,
1654 1446 1896 1521 utrinque
1933 1456 2063 1516 tres,
2098 1467 2212 1502 raro
2247 1458 2496 1522 quatuor,
2532 1468 2750 1523 quarum

612 1539 871 1596 inferiores
916 1555 1067 1612 prope
1109 1534 1280 1602 basin,
1315 1544 1571 1609 sequentes
1610 1535 1673 1589 ad
1709 1540 1742 1608 ξ
1768 1535 2088 1605 altitudinis,
2125 1547 2177 1592 et
2211 1555 2474 1611 supremae
2495 1537 2553 1591 in
2582 1538 2748 1594 medio

613 1629 696 1685 vel
741 1645 892 1702 supra
919 1624 1148 1679 medium
1189 1621 1294 1676 folii
1341 1623 1604 1691 oriuntur,
1647 1626 1904 1680 arcuatim
1951 1631 2123 1682 versus
2169 1625 2421 1701 margines
2461 1625 2745 1697 tendentes,

614 1717 735 1773 dein
766 1733 911 1769 arcus
943 1713 1112 1786 plures
1140 1709 1412 1765 formantes
1444 1730 1596 1785 prope
1626 1713 1905 1785 margines,
1939 1715 2074 1770 inter
2100 1735 2151 1770 se
2183 1725 2237 1770 et
2258 1733 2376 1769 cum
2406 1733 2557 1768 nervo
2586 1715 2752 1770 medio

610 1801 1003 1861 anastomosibus
1041 1803 1240 1854 coeunt.
1316 1798 1395 1853 Ad
1437 1799 1678 1854 infimam
1720 1801 1866 1857 basin
1912 1803 2014 1858 duo
2057 1804 2197 1858 nervi
2231 1802 2486 1858 accessorii
2532 1802 2747 1876 adsunt,

612 1894 777 1968 major
820 1891 877 1944 in
918 1889 1075 1944 latere
1117 1885 1370 1954 inferiore,
1407 1887 1578 1941 minor
1618 1889 1674 1942 in
1714 1891 1982 1965 superiore.
2055 1895 2320 1966 Compages
2349 1889 2750 1948 membranaceo·

613 1983 857 2049 coriacea,
909 1977 1196 2053 superficies
1237 1974 1570 2048 glaberrima,
1622 1977 1800 2046 laevis,
1850 1979 2020 2035 nitens
2037 2020 2055 2048 ,
2107 1982 2162 2035 in
2210 2000 2319 2054 sup.
2362 1979 2549 2033 laevior
2594 1997 2749 2052 quam

609 2071 665 2127 in
696 2068 815 2137 inf.‚
856 2076 1047 2142 puncta
1093 2063 1339 2139 pellucida
1386 2063 1682 2119 tenuissima
1730 2066 1871 2121 lente
1916 2076 2120 2121 tantum
2163 2067 2366 2121 fortiore
2401 2066 2745 2126 discernenda.

611 2164 776 2232 Margo
820 2157 905 2211 hic
947 2154 1062 2208 illic
1100 2154 1277 2208 leviter
1324 2152 1611 2221 revolutus,
1657 2172 1715 2208 ac
1758 2155 2082 2228 repanduluS.
2155 2153 2328 2209 Folia
2367 2157 2583 2207 10-12
2617 2166 2747 2215 cent.

612 2249 792 2321 longa,
828 2250 863 2298 5
894 2243 1090 2296 circiter
1119 2241 1243 2295 lata.
1315 2240 1605 2313 stipulae
1650 2242 1849 2315 petiolis
1891 2243 2208 2296 adhaerentes
2245 2241 2453 2295 demum
2490 2239 2743 2301 evanidae.

605 2341 864 2392 Amenta
891 2331 1130 2386 continuo
1157 2328 1382 2394 evoluta,
1413 2337 1575 2382 aetate
1607 2331 1770 2397 varia,
1801 2329 2090 2384 brevissime
2118 2329 2482 2403 pedunculata‚
2514 2327 2740 2399 pedun—

606 2423 769 2478 culis
797 2418 997 2494 petiolis
1027 2416 1200 2492 paullo
1228 2414 1566 2484 brevioribus,
1605 2418 1877 2486 teretibus,
1915 2417 2020 2473 fere
2049 2416 2261 2491 glabris,
2305 2438 2505 2474 sursum
2540 2418 2741 2498 aliquid

605 2508 914 2577 incrassatis,
953 2515 1205 2572 sustenta,
1241 2502 1546 2579 cylindrica,
1583 2504 1723 2559 foliis
1755 2506 2017 2561 multoties
2043 2507 2292 2582 breviora,
2330 2507 2510 2566 rhachi
2541 2513 2597 2570 in
2625 2532 2742 2569 mu·

602 2620 804 2657 cronem
842 2598 1044 2652 brevem
1093 2593 1373 2668 producta3
1410 2592 1583 2647 adulta
1619 2598 1653 2648 4
1683 2605 1810 2648 cent.
1840 2594 2023 2667 longa,
2062 2600 2096 2649 5
2125 2617 2251 2651 mm.
2286 2618 2481 2669 crassa,
2519 2602 2743 2676 pedun-

606 2689 788 2745 culus
817 2691 851 2739 7
876 2703 1002 2738 mm.
1056 2680 1261 2735 Flores
1286 2679 1597 2747 densissimi3
1632 2680 1921 2737 bracteae
1941 2685 2162 2756 peltatae
2183 2706 2414 2743 carnosae
2439 2691 2738 2745 rotundatae

607 2774 1211 2832 fimbriato-tomentosae.
1281 2768 1558 2821 Stamina
1594 2772 1664 2823 4?
1696 2767 2044 2824 filamentis
2067 2771 2328 2841 brevibus3
2351 2777 2648 2833 antherae
2669 2779 2741 2833 al·

603 2864 862 2928 bicantes,
914 2857 1188 2929 oblongae,
1237 2853 1388 2907 saccis
1435 2854 1557 2907 satis
1608 2853 1862 2921 discretis,
1914 2876 2101 2929 magna
2128 2858 2261 2913 rima
2291 2860 2661 2921 dehiscentibus
2688 2875 2743 2921 et

603 2951 722 3005 dein
793 2965 1000 3002 sursum
1056 2942 1198 2996 flexis
1214 2981 1231 3010 ,
1298 2941 1563 2995 antheram
1611 2942 1962 3016 quadrilobam
2009 2945 2361 3003 efficientibus.
2450 2953 2740 3007 Ovarium

603 3037 876 3110 oblongum
899 3073 916 3101 ,
950 3029 1279 3105 angulatum,
1319 3028 1725 3102 stigmatibus
1753 3030 1917 3085 tribus
1945 3031 2243 3088 duobusve?
2280 3056 2370 3110 pro
2391 3049 2534 3110 parte
2562 3041 2737 3113 persis-

604 3125 849 3182 tentibus.
922 3127 1187 3176 Amenta
1232 3127 1475 3171 matura
1524 3123 1558 3171 7
1606 3137 1737 3175 mm.
1775 3137 1937 3173 crassa
1979 3120 2270 3177 densissime
2307 3123 2514 3181 baccis
2544 3127 2737 3201 exiguis

604 3210 851 3268 obconicis
879 3207 1140 3282 polygonis
1168 3204 1438 3258 verrucosis
1466 3223 1566 3259 sese
1596 3207 1938 3278 prementibus
1962 3218 2012 3261 et
2038 3209 2341 3282 stigmatum
2371 3214 2590 3288 vestigiis
2618 3235 2734 3270 um·

602 3298 825 3356 bilicatis
856 3306 991 3350 tecta
1008 3334 1024 3361 ,
1058 3292 1271 3347 bracteis
1299 3291 1679 3365 persistentibus
1707 3294 1961 3347 exsiccatis
1987 3297 2242 3367 separatis,
2313 3304 2442 3355 Sem
2454 3321 2523 3356 eu
2556 3302 2734 3359 baccae

605 3388 889 3453 conforme,
926 3380 1327 3455 tri-polygonum
1344 3417 1361 3446 ,
1399 3378 1696 3433 obconicum
1729 3379 1808 3434 vel
1838 3380 1939 3434 fere
1975 3382 2256 3439 trihedrum
2274 3425 2291 3454 ,
2327 3386 2495 3457 laeve,
2530 3389 2729 3462 nitens,

599 3477 829 3541 fuscum,
866 3471 1106 3525 albumen
1137 3468 1445 3533 farinosum,
1471 3465 1708 3520 frictione
1730 3466 1876 3524 facile
1907 3470 1959 3524 in
1986 3470 2245 3545 pulverem
2271 3475 2651 3548 triturandum3
2676 3478 2735 3534 in

600 3565 714 3639 ejus
757 3562 896 3633 apice
938 3555 1180 3629 exiguum
1232 3573 1444 3621 cavum,
1491 3554 1578 3607 sed
1618 3552 1675 3607 in
1724 3555 1868 3610 nullo
1899 3557 2186 3634 embryonis
2216 3562 2482 3636 vestigium
2517 3565 2732 3640 reperire

600 3652 761 3727 potui.
797 3649 917 3718 (sec.
950 3664 1023 3718 sp.
1062 3642 1236 3713 Fock.)

674 3736 789 3793 Alia
828 3733 1099 3807 specimina
1145 3751 1175 3785 a
1219 3728 1476 3803 descriptis
1516 3749 1787 3804 parumper
1835 3732 2012 3787 saltem
2058 3734 2244 3792 diversa
2287 3737 2423 3794 foliis
2472 3760 2574 3796 uon
2610 3741 2730 3797 adeo

600 3822 916 3888 nitentibus,
953 3819 1128 3894 paullo
1169 3816 1478 3890 longioribus
1519 3826 1572 3869 et
1617 3836 1766 3870 nervo
1793 3819 1956 3873 medio
1983 3819 2087 3875 fere
2115 3832 2222 3877 toto
2253 3843 2310 3879 ex
2344 3826 2522 3882 insecti
2560 3830 2729 3904 cujus-

594 3918 710 3971 dem
745 3913 848 3967 ovis
875 3910 947 3964 ibi
977 3906 1254 3962 efformatis
1284 3904 1511 3976 elegante
1540 3904 1665 3957 serie
1689 3902 1948 3959 fovearum
1978 3906 2241 3963 instructo.

667 4007 741 4059 Us
754 4020 834 4056 us.
907 4002 1192 4052 ⁷Decoctum
1242 3991 1308 4045 ab
1352 3990 1529 4045 incolis
1575 4002 1752 4046 contra
1793 3993 1929 4046 mala
1968 3992 2243 4069 hydropica
2285 3997 2556 4056 adhibetur
2600 4012 2727 4059 teste

602 4105 889 4146 noummo.
966 4082 1170 4140 Rottb.
1203 4081 1283 4155 pl.
1315 4079 1517 4134 Surin.
1542 4080 1619 4133 ed.
1653 4080 1742 4135 alt.
1775 4101 1828 4154 p.
1861 4086 1947 4137 12.

653 4266 820 4329 ·137.
900 4263 1277 4324 Arianthe
1318 4261 1766 4333 sejacensn.
1849 4257 2119 4320 Ramulis
2164 4261 2401 4341 petiolis
2453 4265 2729 4349 foliisque

604 4369 887 4445 utrinque
940 4364 1189 4445 glabris,
1249 4362 1343 4422 his
1406 4360 1691 4423 coriaceis
1743 4361 2003 4424 obsoleto
2082 4365 2725 4450 pellucido-punctatis
