3153 5134
1582 325 1713 389 450

600 539 738 596 tata,
787 545 937 601 supra
979 525 1113 581 laete
1156 521 1368 591 viridia,
1416 520 1724 596 plerumque
1766 537 1919 594 opaca
1958 518 2377 595 scabro-hispida,
2400 520 2481 575 vel
2522 521 2736 578 demum

439 600 449 608 ’
492 610 495 615 ’
597 613 1113 689 scabro-punctulata,
1137 610 1318 673 subtus
1344 608 1630 684 pallidiora,
1654 607 1710 662 in
1740 607 1903 662 nervis
1928 606 2372 682 subpubescentia,
2395 607 2739 687 lato-oblonga

599 702 680 758 vel
723 705 969 774 (summa)
1009 698 1551 771 lanceolam-oblonga,
1604 696 1778 770 paullo
1820 695 2254 771 inaequilateralia
2270 735 2287 763 ,
2328 696 2447 751 inde
2490 717 2521 752 a
2568 698 2737 752 medio

598 809 768 845 vasus
813 789 958 844 basin
1003 787 1176 863 paullo
1221 794 1486 840 attenuata
1502 824 1518 852 ,
1566 784 1675 838 basi
1719 783 1896 838 leviter
1943 783 2198 857 inaequali
2240 784 2542 853 rotundata,
2597 786 2737 860 apice

580 868 922 946 acuminata,
957 879 1171 932 17-20
1203 883 1335 928 cent.
1365 873 1537 945 longa,
1580 877 1711 943 778
1743 872 1867 927 lata.
1938 875 1981 926 E
2010 891 2162 926 nervo
2190 873 2358 927 medio
2384 874 2448 928 ad
2478 880 2615 947 ξ-ξ
2640 874 2736 930 alt.

602 967 848 1040 utrinque
881 969 1024 1020 4—6
1063 973 1223 1018 costae
1262 960 1484 1016 alternae
1524 960 1896 1034 approximatae
1928 960 2193 1029 oriuntur,
2231 981 2468 1036 unusque
2499 963 2580 1017 vel
2612 962 2746 1018 alter

600 1053 843 1109 nervulus
871 1052 941 1106 ad·
967 1052 1127 1105 imam
1160 1049 1302 1103 basin
1332 1048 1649 1116 accessorius,
1688 1048 1823 1102 unde
1851 1046 1952 1103 fere
1987 1053 2131 1104 6—'7
2162 1050 2436 1124 aliquando
2465 1071 2741 1107 numeran-

600 1153 709 1198 tur.
778 1139 1024 1212 Stipula
1059 1136 1484 1212 oppositifolia
1521 1135 1968 1190 ovato-lanceolata
2006 1137 2259 1202 carinata,
2303 1138 2473 1192 carina
2513 1137 2739 1208 sulcata,

600 1231 741 1285 dorso
765 1227 1041 1303 puber-ula,
1071 1224 1480 1290 membranacea,
1506 1227 1683 1290 2—24
1714 1232 1846 1278 cent.
1873 1222 2040 1296 longa.
2100 1228 2360 1279 Amenta
2382 1226 2735 1295 erectiuscula,

599 1315 946 1392 cylindracea‚
977 1317 1192 1368 13—14
1232 1321 1364 1366 cent.
1403 1310 1557 1384 longa
1596 1320 1649 1364 ct
1685 1309 1936 1383 longiora,
1968 1315 2111 1365 2—4
2148 1331 2275 1368 mm.
2307 1332 2494 1381 crassa,
2528 1313 2585 1366 in
2616 1324 2762 1368 mu-‘

599 1423 802 1460 cronem
847 1401 1069 1457 sterilem
1115 1399 1388 1454 desinentia
1403 1437 1423 1465 ‚
1471 1399 1719 1452 arcuatim
1766 1397 1847 1451 vel
1893 1398 2184 1453 uncinatim
2229 1400 2459 1455 deorsum
2502 1411 2742 1469 curvata,

597 1490 968 1567 pedunculis
1011 1486 1270 1562 puberulis
1314 1484 1561 1558 petiolum
1605 1484 1959 1558 superantibus
2004 1491 2211 1542 15-17
2257 1507 2383 1541 mm.
2426 1487 2590 1561 longis
2627 1507 2731 1543 sus-

598 1589 755 1634 tenta.
836 1576 1038 1632 F'lores
1087 1573 1373 1629 annulatim
1419 1571 1662 1645 dispositi.
1740 1576 2030 1627 Bracteae
2082 1575 2437 1648 pedicellatae‚
2492 1575 2740 1649 peltatae,

594 1669 734 1743 pelta
775 1676 1051 1720 transverse
1097 1658 1733 1734 subtriangulari-oblonga
1752 1699 1769 1727 ,
1818 1659 2275 1716 ciliato-fimbriata
2321 1662 2527 1718 flavida.
2605 1668 2737 1719 Sta-

598 1757 823 1822 mina?,
866 1751 1210 1808 filamentis
1244 1748 1556 1816 linearibus,
1592 1748 1867 1805 antheris
1901 1751 2289 1820 reniformibuS,
2326 1753 2507 1820 luteiS,
2542 1751 2735 1808 hiloou-

597 1843 816 1910 laribus,
850 1839 1042 1895 effoetis
1071 1836 1490 1913 subquadrilobis.
1563 1837 1853 1892 Ovarium
1886 1837 2027 1893 ovale
2060 1839 2390 1913 angulosum,
2426 1839 2734 1914 stigmati-

595 1931 710 1987 bus
759 1928 1087 1985 breviusculis
1140 1924 1510 1992 teretiusculiS,
1563 1928 1744 1979 3—4?
1834 1929 2055 1979 Baccae
2099 1925 2656 1996 obovawmtundatae,
2706 1947 2737 1982 a

596 2017 840 2074 lateribus
875 2033 1178 2088 compressae
1192 2053 1208 2081 ,
1244 2010 1429 2068 vertice
1460 2011 2066 2067 rotundato-umbonatae
2079 2053 2095 2078 ,
2130 2014 2479 2087 glandulosae,
2514 2015 2734 2089 glabrae.

597 2103 1016 2177 Pericarpium
1048 2111 1216 2155 tenue.
1287 2104 1494 2175 SUemen
1525 2098 1811 2167 conforme,
1844 2100 1929 2153 scd
1959 2102 2121 2174 magis
2149 2101 2582 2176 subquadratum,
2626 2105 2734 2158 basi

597 2193 991 2266 emarginatum,
1030 2189 1169 2264 apice
1194 2187 1810 2255 rotundato—truncatum,
1845 2188 2187 2262 apiculatum,
2215 2187 2445 2259 fuscum,
2476 2191 2573 2245 sub
2602 2191 2751 2246 lente>

597 2280 874 2337 areolatum
914 2281 1032 2350 (sco.
1068 2297 1143 2351 sp.
1177 2276 1366 2331 Surin,
1386 2273 1532 2328 Herb.
1571 2277 1766 2350 propr.)

681 2429 894 2504 Fama
905 2441 1093 2522 sotiis
1123 2438 1392 2498 omnihus
1420 2438 2051 2520 lanceolata-oblongis,
2089 2439 2154 2499 in
2184 2439 2391 2502 norb.
2422 2440 2517 2502 De
2545 2441 2736 2502 Less..

602 2553 820 2624 exstat,
861 2564 897 2606 a
929 2545 1005 2605 cl.
1038 2541 1353 2602 Anderson
1385 2541 1450 2602 in
1483 2540 1618 2602 lnd.
1656 2559 1777 2602 occ.
1811 2541 1983 2603 lecta.

685 2715 896 2774 Forma
940 2711 1129 2792 foliis
1184 2709 1628 2790 angustioribus
1642 2754 1661 2786 ‚
1715 2711 1971 2770 amentis
2020 2710 2261 2791 longius
2309 2713 2738 2791 pedunculatis

602 2836 838 2877 sursum
889 2813 1180 2886 curvatis,
1231 2811 1297 2870 in
1343 2810 1557 2871 eodem
1603 2812 1886 2874 Herbario
1928 2813 2119 2892 adest,
2170 2834 2206 2875 a
2251 2815 2327 2875 cl.
2372 2816 2621 2880 Poiteau
2664 2817 2734 2877 iu

598 2920 840 2981 'Guiana
873 2917 1090 2997 gallica
1123 2916 1297 2975 lecta.

685 3088 897 3147 Forma
933 3084 1099 3146 caule
1131 3082 1426 3161 ramisque
1449 3081 1711 3163 glabris,
1750 3081 1911 3143 foliis
1945 3082 2152 3144 subtus
2185 3085 2427 3146 mollius
2459 3087 2732 3165 puberu-

603 3192 704 3268 lis,
740 3191 817 3249 'in
854 3191 963 3249 ins.
999 3185 1342 3246 Portoricco
1375 3204 1410 3245 a
1442 3186 1521 3244 cl.
1559 3185 1815 3267 Wydler
1848 3208 1908 3246 ιι.
1943 3188 2090 3265 261,
2123 3189 2189 3247 in
2219 3189 2329 3253 ins.
2364 3190 2665 3251 Trinitatis
2694 3211 2738 3252 a

602 3293 848 3354 Siebero
873 3313 934 3353 n.
963 3289 1085 3352 259
1122 3290 1276 3350 lecta
1313 3296 1401 3349 est
1444 3288 1646 3370 (Herb.
1680 3290 1766 3352 De
1801 3292 1952 3353 Less.
1991 3300 2053 3352 et
2086 3292 2313 3375 Meisn.)
2347 3325 2430 3339 -
2466 3295 2621 3356 Haec
2655 3294 2731 3356 A.

600 3396 989 3459 celtidifoliae
1029 3392 1558 3472 adpropinquatur.

681 3567 893 3625 Forma
923 3563 1096 3640 foliis
1132 3562 1536 3644 rugosioribus
1572 3572 1630 3621 et
1664 3563 1855 3643 magis
1886 3565 2140 3640 scabris,
2180 3566 2508 3627 seminibus
2540 3567 2729 3647 duplo

602 3666 932 3746 majoribus
939 3710 958 3742 ,
1000 3664 1214 3741 fuscis,
1252 3661 1930 3742 reticulato-foveolatis,
1970 3666 2191 3746 saporis
2219 3670 2414 3731 acrius
2454 3670 2728 3750 piperiti‚

591 3791 636 3832 a
677 3769 953 3831 Sellowio
992 3768 1155 3828 inter
1202 3766 1448 3847 Campos
1483 3774 1543 3826 et
1578 3765 1831 3828 Vittoria
1867 3769 2146 3831 Brasiliae
2178 3771 2375 3853 (Herb.
2411 3794 2538 3853 reg.
2571 3773 2730 3857 ber.)

600 3882 665 3935 et
694 3893 730 3934 a
763 3875 840 3933 cl.
878 3871 1191 3934 Salzmann
1225 3870 1387 3949 apud
1422 3868 1670 3936 Ba'hiam
1707 3871 1863 3934 lecta
1900 3882 1987 3933 est
2016 3874 2218 3956 (Herb.
2253 3875 2338 3937 De
2369 3875 2546 3959 Less.)

676 4026 931 4087 Adnot.
1012 4023 1226 4102 Piper
1258 4023 1664 4084 secundum
1698 4024 1988 4107 Poepp.l
2030 4047 2065 4088 a
2100 4031 2177 4091 cl.
2210 4051 2392 4092 xnwm
2422 4028 2728 4093 huc'rela·

596 4137 755 4206 tum,
795 4148 831 4188 e
864 4124 1317 4206 speciminibus,
1359 4145 1515 4204 quae
1547 4125 1677 4204 ipse
1712 4127 1838 4186 vidi
1874 4127 2343 4193 diversissimum
2379 4142 2483 4194 est.

679 4231 741 4291 P.
767 4230 1037 4292 adunci
1068 4228 1373 4290 formam
1403 4236 1882 4290 tomentosam
1909 4231 2281 4304 Schlecht.
2307 4236 2373 4297 in
2400 4236 2731 4299 Linnaea-

592 4332 704 4394 vll
740 4353 799 4413 p.
836 4332 951 4395 137
988 4333 1065 4395 ad
1098 4332 1279 4396 aliam
1310 4333 1569 4413 speeiem
1605 4334 1943 4413 pertinere,
1984 4337 2088 4400 vix
2121 4336 2364 4402 dubito..
