3153 5134
1420 399 1547 461 113

412 597 558 658 Tab.
574 593 673 657 91.
715 593 905 676 Piper
929 594 1171 655 Benero
1188 595 1356 656 Mam!
1395 596 1608 657 Erecta
1634 594 2101 675 simpliciuscula
2113 644 2133 674 ,
2162 578 2543 673 fruticulosa,

397 699 572 762 caule
607 698 876 759 molliter
912 699 1295 759 verruculoso
1322 708 1381 759 et
1408 700 1692 789 foliorum
1718 701 2100 761 cicatricibus
2125 700 2532 774 tuberculatO,

401 803 629 864 vertice
643 802 978 862 eonoratim
1009 801 1237 878 folioso,
1254 803 1415 864 foliis
1432 804 1680 864 alternis
1694 804 1981 865 coriaceis
1996 805 2537 885 pellucido-puuc-

397 898 568 980 tatis,
625 904 1477 984 spathulato-cuneiformibus
1493 953 1510 982 ‚
1569 907 1697 967 basi
1749 908 1815 967 iu
1848 908 2145 987 petiolum
2178 908 2534 981 contractis,

396 1008 569 1087 apice
619 1006 827 1067 obtuse
876 1009 1262 1083 acuminatis,
1318 1009 1629 1069 trinerviis
1647 1055 1664 1085 ,
1722 1029 1902 1089 supra
1955 1011 2266 1093 innervis
2297 1029 2533 1091 sparse,

394 1110 602 1171 subtus
633 1109 961 1171 confertius
992 1111 1281 1186 hirtellis,
1326 1114 1584 1173 amentis
1619 1113 1904 1173 brevibus
1938 1113 2005 1172 in
2042 1114 2295 1175 ramulis
2326 1112 2531 1174 axilla·

395 1213 563 1273 ribus
612 1232 847 1295 cymose
902 1213 1220 1290 confertis,
1279 1213 1532 1293 singulis
1584 1232 1659 1274 ex
1720 1215 1900 1275 axilla
1970 1215 2249 1278 bracteae
2313 1234 2534 1295 parvae

392 1313 766 1395 pedieellatis
778 1362 795 1392 ‚
836 1315 1086 1376 floribus
1125 1316 1356 1393 densis,
1394 1317 1654 1378 bracteis
1683 1319 2193 1382 bulloso-iuflatis.

402 1404 407 1409 ²
472 1419 754 1480 Habitat
790 1418 853 1477 in
890 1417 1089 1478 insula
1121 1419 1178 1480 S.
1216 1419 1375 1480 Juan
1410 1418 1785 1495 Fernandez‚
1820 1419 1886 1480 in
1916 1421 2255 1502 praeruptis
2289 1419 2529 1483 umbro·

389 1520 468 1582 sis
500 1516 803 1583 montium
838 1519 1166 1581 editiorum
1203 1521 1335 1583 loeo
1371 1521 1537 1582 dicto
1573 1530 1645 1581 et
1679 1522 1918 1600 inglis
1948 1522 2248 1606 (Berterol
2288 1520 2527 1583 n.1493

392 1624 568 1684 Herb.
603 1622 690 1683 De
724 1621 875 1683 Less.
909 1621 1231 1701 et'Meisn.)

460 1750 506 1802 E
534 1745 743 1801 radice
768 1744 1062 1802 fasciculata
1087 1747 1283 1802 caulis
1310 1747 1537 1821 lignosus
1566 1757 1735 1804 rectus
1764 1757 1959 1804 erectus
1986 1751 2059 1803 25
2098 1758 2230 1804 cent.
2270 1749 2410 1804 altus
2451 1768 2535 1807 ex·

387 1832 578 1908 surgit,
628 1842 784 1899 teres,
833 1837 870 1887 3
915 1852 1044 1890 mm.
1078 1834 1278 1890 circiter
1318 1853 1544 1904 crassae,
1597 1835 1734 1890 haud
1785 1836 2026 1904 nodosus,
2071 1836 2154 1891 scd
2188 1836 2534 1893 tuberculis

391 1921 731 1978 crassiusculis
759 1921 1101 1993 (cicatricibus
1129 1921 1367 1977 foliorum
1391 1923 1675 1996 lapsorum)
1709 1929 1883 1996 5—1}
1906 1934 2040 1980 cent.
2062 1923 2368 1979 distantibus
2393 1924 2534 1999 apice

387 2008 972 2066 semicirculari·reseetis
1030 2010 1313 2064 instructus
1329 2048 1347 2077 ‚
1406 2009 1542 2064 haud
1600 2012 1841 2078 striatus,
1898 2010 1981 2065 sed
2033 2020 2239 2084 aspectu
2289 2009 2534 2084 singulari

388 2097 739 2172 griseo-luteus
765 2108 912 2153 tactu
943 2097 1138 2163 mollis,
1165 2097 1230 2151 ad
1259 2097 1450 2152 lentem
1480 2098 1759 2152 verruculis
1789 2096 2147 2176 voeicularibus
2171 2096 2536 2171 irregularibus

389 2187 479 2256 (an
523 2184 581 2240 in
626 2185 739 2240 vivo
784 2185 1012 2260 limpidis
1029 2224 1046 2254 ,
1096 2184 1231 2240 unde
1262 2188 1467 2256 nomen)
1503 2184 1652 2239 deuse
1677 2186 1923 2241 obtectus.
1997 2183 2173 2240 Folia
2201 2184 2264 2238 ad
2294 2185 2536 2240 verticem

389 2271 550 2328 caulis
596 2274 744 2329 deuse
775 2274 1030 2341 conferta,
1056 2273 1464 2348 erecto-patentia
1482 2304 1507 2341 ,'
1528 2273 1785 2348 pulvinari
1825 2273 2059 2328 tuberoso
2087 2275 2299 2341 inserta,
2333 2274 2390 2328 in
2422 2274 2533 2329 vivo

387 2360 554 2416 forsan
605 2363 897 2418 succulenta
915 2402 932 2429 ‚
979 2362 1127 2421 sicca,
1155 2361 1374 2416 coriacea
1391 2399 1408 2429 ,
1458 2379 1625 2435 sparso
1690 2359 2214 2434 pellucido-punctam
2234 2400 2250 2427 ,
2300 2371 2534 2417 cuneatu-

388 2448 711 2522 spatbulata,
753 2469 920 2506 versus
963 2449 1106 2504 basin
1138 2449 1323 2504 sensim
1352 2459 1607 2503 contracta
1641 2459 1694 2502 et
1720 2447 1859 2502 dein
1893 2447 1948 2501 in
1978 2446 2272 2520 petiolum
2305 2449 2531 2521 planius·

387 2536 571 2594 culum
612 2546 866 2593 caeter-um
914 2555 945 2593 a
992 2537 1185 2593 lamina
1213 2536 1351 2592 haud
1382 2535 1636 2592 diversum
1668 2539 1801 2606 }—1
1837 2543 1971 2590 cent.
2006 2533 2219 2609 longum
2247 2545 2535 2603 coarctata,

388 2626 527 2701 apice
571 2625 755 2681 sensim
803 2625 1022 2681 breviter
1065 2625 1387 2690 acuminata,
1442 2624 1679 2678 acumine
1722 2621 1900 2676 obtuso
1918 2659 1937 2689 ‚
1986 2626 2131 2677 6-'7
2171 2633 2305 2677 cent.
2349 2623 2533 2697 longa,

387 2717 568 2786 2—211r
609 2732 759 2787 prope
802 2714 994 2788 apicem
1025 2714 1127 2768 lata
1147 2752 1164 2781 ,
1191 2713 1430 2767 trinervia
1448 2751 1465 2778 ‚
1493 2728 1647 2765 nervo
1678 2710 1845 2763 medio
1877 2708 2110 2763 validiore
2136 2709 2317 2764 subtus
2341 2712 2530 2784 promi·

393 2799 523 2855 uulo
556 2800 621 2855 ad
651 2800 843 2875 apicem
875 2811 1221 2875 percurrente,
1257 2799 1553 2855 lateralibus
1582 2796 1900 2852 tenuioribus
1924 2815 2046 2851 cum
2076 2797 2393 2870 marginibus
2415 2818 2530 2872 par·

383 2887 550 2944 allelis
584 2888 651 2943 ad
689 2888 969 2962 marginem
1003 2888 1304 2962 superiorem
1336 2906 1484 2961 prope
1517 2886 1709 2960 apicem
1747 2885 1936 2952 finitisg
1966 2885 2122 2959 juxta
2148 2888 2400 2959 margines
2427 2888 2529 2944 duo

384 2974 584 3031 umuli
631 2974 912 3030 tenuissimi
939 2974 1273 3049 approximati
1304 2973 1534 3049 paralleli
1565 2973 1846 3028 decurrunt
1873 2971 2009 3026 lente
2037 2981 2244 3027 tantum
2274 2973 2494 3030 visibiles
2508 3014 2527 3043 ‚

382 3063 513 3120 citra
539 3081 668 3138 quos
696 3062 913 3117 laminae
945 3081 1203 3136 compages
1227 3072 1496 3116 extenuata
1528 3072 1623 3117 est.
1696 3065 2042 3116 Anastomoses
2066 3079 2219 3133 aegre
2245 3061 2527 3118 discernen-

385 3151 505 3219 dae,
525 3150 741 3225 exceptis
767 3150 972 3207 costulis
1004 3149 1341 3225 quibusdam,
1367 3168 1396 3203 e
1424 3168 1480 3204 n.
1505 3148 1673 3203 medio
1704 3167 1872 3203 versus
1895 3148 2087 3222 apicem
2114 3148 2296 3202 exortis
2322 3148 2526 3205 adscen-

381 3238 640 3295 dentibus.
711 3237 899 3313 Pagina
926 3238 1148 3312 superior
1180 3237 1329 3293 laevis
1360 3237 1442 3294 vix
1472 3238 1666 3304 nitida,
1693 3238 1748 3291 iu
1778 3237 1909 3292 sicco
1928 3237 2231 3306 famescens,
2259 3238 2312 3293 in
2335 3238 2523 3309 nervis,

385 3328 609 3383 maxime
637 3346 806 3382 versus
828 3326 1071 3401 petiolum
1096 3326 1595 3401 puberulo—hirtellag
1621 3326 1868 3399 margines
1895 3325 2082 3393 ciliati3
2110 3327 2296 3399 pagina
2323 3326 2527 3382 inferior

372 3417 441 3472 in
471 3416 600 3471 sicco
622 3414 889 3484 ochram,
912 3416 1028 3489 pilis
1051 3415 1360 3488 longioribus
1390 3414 1784 3469 t'usceseeutibus
1807 3413 1983 3468 nitidis
2009 3412 2527 3487 maeno-pubescens,

380 3508 460 3560 Ex
502 3504 673 3560 axillis
720 3504 956 3559 foliorum
999 3503 1224 3558 ramuli
1271 3503 1557 3558 tenuissimi
1611 3514 1792 3558 teretes
1828 3502 2034 3577 aphylli·
2068 3502 2259 3557 hirtelli
2293 3507 2363 3569 1}
2391 3514 2526 3561 cent.

378 3590 581 3647 circiter
621 3592 760 3666 longi
801 3592 1068 3658 oriuntur,
1111 3590 1258 3665 apice
1299 3609 1499 3663 cymose
1530 3590 1834 3646 amentiferi.
1904 3590 2180 3665 Singulum
2206 3602 2522 3647 amentum

379 3700 444 3737 ex
469 3679 620 3735 axilla
646 3679 875 3735 bracteae
898 3680 1126 3734 minutae
1153 3678 1388 3733 deciduae
1413 3678 1702 3734 cicatricem
1735 3678 2067 3754 relinquentis
2090 3678 2523 3753 oblongo-lanceo-

383 3768 520 3824 latae
550 3768 630 3825 vel
657 3769 913 3842 elliptieae
943 3768 1145 3842 glabrae
1171 3777 1264 3823 aut
1297 3767 1528 3823 birtellae
1560 3778 1732 3823 ortum
1750 3807 1770 3834 .,
1806 3787 2012 3823 nascens
2046 3771 2102 3822 ea
2133 3769 2239 3824 fere
2269 3770 2523 3838 velatum,

382 3860 527 3913 4—23
573 3876 704 3915 mm.
746 3856 958 3931 longum
982 3894 1000 3924 ‚
1050 3856 1424 3931 eylindraceum
1443 3893 1461 3924 ,
1507 3855 1591 3910 vix
1624 3861 1653 3910 1
1692 3875 1823 3912 mm.
1851 3874 2072 3911 erassum
2091 3895 2108 3924 ,
2139 3876 2308 3912 versus
2333 3858 2527 3931 apicem

381 3963 658 4020 parumper
704 3954 1030 4000 attenuatum
1047 3981 1064 4011 ,
1108 3943 1349 3998 obtusum
1367 3982 1384 4009 ,
1428 3942 1758 3997 densiflorum
1773 3983 1790 4010 ‚
1832 3943 2070 4017 adspectu
2100 3942 2493 4016 viridi-griseum
2509 3987 2527 4011 ,

380 4042 581 4088 rectum
622 4030 700 4087 vel
750 4031 1117 4087 subcurvatum
1135 4070 1152 4097 ‚
1189 4030 1492 4103 pedieello
1520 4030 1720 4105 aliquot
1750 4032 2170 4086 millimetrorum
2212 4031 2414 4085 birtello
2445 4032 2523 4085 vel

382 4119 557 4193 glabro
597 4129 906 4176 sustentum.
1007 4118 1298 4193 Aliquando
1338 4118 1512 4172 omnia
1548 4117 1651 4173 fiere
1691 4138 1750 4172 ex
1794 4140 1897 4174 uno
1942 4123 2078 4191 apice
2126 4122 2277 4189 (tunc
2324 4120 2525 4190 inflato)

382 4206 658 4281 pedunculi
701 4206 992 4262 communis
1033 4214 1203 4260 exorta
1218 4244 1235 4271 ,
1281 4205 1578 4280 plerumque
1617 4216 1790 4261 autem
1843 4208 1896 4261 in
1944 4227 2147 4282 cymam
2187 4206 2526 4262 dichotomam

364 4294 637 4369 disposita.
740 4299 1025 4352 Braeteae
1083 4295 1262 4350 densae
1278 4334 1294 4360 .,
1360 4294 1604 4367 peltastae,
1663 4295 2161 4360 ovato—orbiculares,
2214 4295 2531 4352 membrana-

376 4403 523 4451 ceae,
607 4384 924 4459 marginibus
994 4383 1231 4440 tenuibus
1304 4381 1554 4449 erosulae‚
1624 4391 1879 4437 caeterum
1937 4382 2528 4453 verruculum-bullatae,

2070 4480 2094 4514 s
