3153 5134
1573 350 1706 415 206

552 550 823 626 petiolata,
872 556 905 619 ᾗ
943 567 1096 623 supra
1134 547 1277 603 basin
1316 545 1542 621 peltata,
1584 543 2066 603 subrotunda-ovata
2085 584 2104 615 ‚
2142 544 2559 620 subacuminata,
2601 547 2711 610 basi

548 634 1174 694 mhnunmwmtundata
1203 634 1378 709 ibique
1409 632 1576 689 medio
1605 634 1790 689 leviter
1817 634 2062 708 repanda,
2097 637 2499 706 novem-nervia,
2535 641 2707 697 nervis

547 727 790 801 utrinque
823 721 1231 799 prominentibus
1245 761 1262 788 ‚
1304 739 1456 775 nervo
1489 720 1657 775 medio
1693 720 1773 775 bis
1818 719 1992 774 trifido
2038 720 2186 792 (hinc
2231 722 2337 777 fere
2382 726 2701 799 13-nervia),

546 813 795 886 utrinque
835 810 1134 866 creberrime
1176 806 1771 882 pellucido-glandulosa,
1816 806 1992 879 glabra
2007 845 2025 874 ,
2070 826 2220 882 supra
2261 820 2487 866 saturate
2523 813 2706 870 viridia

547 900 813 956 subnitida
873 898 1056 953 subtus
1110 895 1406 970 pallidiora,
1452 895 1685 967 margine
1730 903 1955 949 extremo
1994 894 2251 950 subtiliter
2291 896 2584 968 fimbriata,
2628 906 2703 957 18
2823 976 2827 979 Δ

546 998 684 1044 cent.
726 988 907 1060 longa,
958 988 1066 1051 153
1114 983 1249 1050 lata,
1293 981 1544 1054 petiolis
1587 985 1806 1066 12—16
1846 991 1984 1037 cent.
2021 980 2184 1055 longis
2227 982 2425 1038 inferne
2462 987 2706 1062 utrinque

542 1072 1118 1138 membranaceo-alatis,
1139 1070 1332 1144 glabris
1351 1079 1594 1124 sustenta.
1661 1070 2009 1125 Pedunculi
2037 1070 2284 1138 axillaroe,
2313 1072 2408 1126 tri-
2440 1073 2520 1127 vel
2558 1075 2703 1149 poly-

543 1162 765 1237 staehyi,
814 1160 1011 1235 glabri,
1062 1157 1443 1231 subpellicares,
1494 1158 1766 1212 amentis
1811 1157 2141 1226 umbellatis,
2173 1158 2507 1232 pedicellatis,
2538 1161 2701 1235 cylin-

541 1251 757 1317 draoeis,
792 1251 1008 1320 22—8}
1048 1244 1253 1321 pollices
1291 1244 1507 1317 longis,‚
1529 1243 1808 1298 fructiferis
1847 1263 2069 1317 pennam
2120 1244 2463 1300 columbinam
2509 1248 2701 1305 crassis.

539 1344 766 1395 Baccae
792 1334 1129 1400 densissimae,
1157 1330 1715 1399 obovato-turbinatae,
1740 1331 1922 1386 obtuse
1951 1332 2314 1407 triangulares,
2339 1333 2525 1389 vertice
2547 1343 2695 1390 trun·

540 1422 993 1488 cato-rotundatae,
1030 1418 1434 1492 stigmatibus
1469 1418 1923 1491 3.persistentibus
1956 1431 2238 1489 coronatae,
2274 1421 2533 1495 glandulis
2563 1442 2693 1478 non·

542 1513 707 1569 nullis
735 1504 1218 1585 punctulisormibus
1247 1505 1462 1573 obsitae,
1496 1504 1731 1578 glabrae,
1767 1506 1995 1580 singulae
2028 1508 2275 1564 bractea
2306 1509 2496 1584 peltata
2529 1512 2692 1566 trian-

539 1600 711 1677 gulari
744 1597 974 1671 margine
1016 1592 1478 1648 villoso-fimbriata
1513 1591 1783 1651 suffultae.
1851 1595 2269 1670 Pericarpium
2306 1598 2696 1668 tenuissimum,

538 1706 741 1746 semen
777 1686 960 1741 baccae
993 1682 1275 1751 conforme,
1311 1680 1514 1738 fuscum
1548 1683 1667 1755 (sec.
1698 1701 1773 1758 sp.
1805 1684 2048 1759 incompl.
2076 1685 2273 1742 numb.
2300 1686 2398 1744 nb.
2428 1685 2614 1745 wind,
2641 1698 2696 1743 et

538 1798 601 1835 ex
635 1774 864 1845 Kuntb.)

616 1952 680 2013 3.
763 1949 1326 2022 rothonum-phe
1367 1950 1676 2008 scutata
1718 1948 1863 2028 Miq.
1900 1948 1936 2007 l.
1958 1969 2008 2007 c.
2029 1969 2091 2030 Ρ.
2109 1949 2207 2010 37.
2254 1951 2446 2031 Piper
2476 1951 2682 2011 Willd.

539 2055 746 2119 Heer
785 2054 1134 2134 Peperomia
1169 2051 1361 2111 Dietr.
1403 2050 1505 2131 Sp.
1550 2051 1710 2110 Tom.
1748 2051 1802 2109 I.
1832 2071 1895 2132 Ρ.
1933 2049 2068 2111 143.
2150 2052 2445 2113 Beckeria
2476 2053 2684 2112 Kunth

539 2161 611 2219 in
663 2160 938 2220 Limnaeo
980 2157 1018 2217 l.
1053 2177 1103 2216 c.
1129 2176 1194 2237 Ρ.
1231 2153 1368 2215 567.
1449 2151 1629 2213 Foliis
1661 2153 1737 2213 ad
1772 2154 1810 2234 ᾖ
1846 2152 1948 2214 vel
1985 2155 2012 2235 ξ
2048 2173 2227 2233 supra
2264 2155 2432 2216 basin
2464 2148 2681 2214 leviter

539 2261 847 2323 cordatam
919 2259 1157 2340 peltatis
1224 2255 1886 2317 subrotundacordatis
1957 2258 2224 2318 breviter
2286 2257 2677 2331 acuminatis,

535 2362 1046 2436 membranaceis,
1084 2359 1495 2419 multinerviis
1530 2357 1849 2440 (ll—14),
1887 2361 2178 2440 utrinque
2210 2358 2438 2438 glabris
2471 2358 2682 2418 subtus

539 2486 747 2527 versus
777 2464 1115 2543 marginem
1154 2462 1220 2520 in
1253 2461 1619 2522 venularum
1655 2468 1785 2523 rete
1819 2461 2395 2537 villoso-fimbriatis,
2436 2460 2675 2539 petiolis

540 2567 617 2630 ad
652 2569 690 2651 ξ
727 2569 832 2629 alt.
864 2562 1544 2640 membranaceo-alatis,
1588 2562 1836 2642 glabris,
1864 2563 2225 2644 pedunculis
2253 2563 2676 2645 polystachyis,

537 2664 918 2732 bractearum
980 2669 1143 2749 pelta
1195 2667 1421 2729 vertice
1474 2665 1660 2726 dense
1712 2667 2066 2745 glandulosa
2115 2667 2392 2748 margine
2442 2667 2677 2728 villoso·

534 2772 853 2836 fimbriata.

603 2911 778 2969 Herb.
813 2908 998 2966 Wind.
1029 2927 1085 2964 n.
1115 2910 1255 2961 '7031

611 3045 853 3106 Habitat
899 3042 966 3102 in
1011 3039 1258 3099 Brasilia
1309 3036 1823 3120 (Hoffmannseggl
1866 3041 1934 3100 in
1972 3041 2079 3102 Hb.
2113 3038 2259 3121 cit),
2298 3043 2365 3100 in
2398 3040 2680 3122 Brasiliae

534 3150 705 3214 Prov.
737 3147 921 3207 Ceara
953 3143 1278 3226 (Gardnerl
1324 3141 1390 3202 in
1426 3142 1602 3203 Herb.
1639 3142 1726 3205 De
1760 3143 1943 3224 LesS.)

604 3292 661 3343 P.
710 3283 1008 3358 speciosae
1057 3290 1110 3336 et
1152 3281 1429 3355 peltatas
1475 3281 1623 3337 valde
1661 3280 1870 3350 affinis,
1907 3281 1973 3336 ab
2002 3278 2094 3334 illa
2123 3279 2362 3335 foliorum
2392 3290 2594 3337 textura
2622 3293 2678 3339 et

530 3376 697 3452 pube,
750 3372 818 3428 ab
874 3370 969 3426 hac
1029 3389 1205 3426 eorum
1262 3369 1424 3428 forma
1489 3370 1734 3424 distincta
1787 3387 1881 3424 nec
1940 3379 2116 3424 tamen
2181 3368 2415 3424 multum
2471 3370 2681 3429 diversa.

530 3470 738 3526 Frutex.
808 3459 983 3514 Rami
1027 3458 1235 3526 nodosi,
1282 3459 1502 3527 sulcati,
1548 3457 1748 3532 glabri,
1784 3457 2060 3534 aliquando
2089 3457 2397 3513 verruculosi
2411 3497 2428 3526 ,
2462 3458 2686 3515 interno·

535 3552 633 3606 diis
681 3551 859 3603 6-12
900 3555 1037 3601 cent.
1067 3545 1250 3619 longis,
1324 3547 1497 3600 Folia
1526 3546 1677 3620 longe
1707 3546 1975 3620 petiolata,
2015 3550 2047 3615 ᾗ
2076 3566 2228 3640 supra
2261 3545 2406 3600 basin
2436 3545 2514 3600 vel
2544 3556 2598 3600 et
2626 3547 2685 3604 in

537 3638 704 3694 medio
728 3635 955 3709 peltata,
990 3632 1303 3688 subrotunda
1335 3634 1516 3688 leviter
1544 3634 1750 3688 cordata
1768 3674 1785 3702 ,
1819 3633 2040 3689 breviter
2068 3635 2362 3689 acuminata
2392 3633 2470 3688 vel
2498 3639 2649 3690 acuta
2666 3676 2684 3705 ,

538 3722 858 3798 marginibus
906 3721 1233 3776 subtilissime
1277 3720 1567 3777 suberosula
1585 3761 1603 3790 ,
1660 3721 1992 3775 multinervia
2010 3758 2028 3787 ,
2078 3722 2245 3776 nervis
2281 3726 2497 3777 13—14
2533 3742 2684 3796 supra

535 3811 945 3888 prominentibus
965 3850 981 3879 ,
1032 3810 1213 3866 subtus
1259 3810 1595 3884 prominulis,
1653 3827 1806 3863 nervo
1840 3808 2008 3862 medio
2039 3808 2245 3864 fortiore
2276 3830 2304 3865 e
2335 3816 2371 3865 5
2397 3811 2578 3865 mediis
2602 3812 2683 3865 in·

533 3902 674 3957 fame
699 3899 891 3973 duplici
922 3899 1200 3955 altitudine
1231 3897 1614 3954 confluentibus
1642 3896 1746 3965 (vel
1777 3894 1857 3950 bis
1890 3895 2105 3967 trifido),
2131 3898 2365 3954 omnibus
2392 3897 2681 3953 reticulato-

532 3986 1050 4055 anastomosantibus,
1119 3986 1502 4041 membranacea
1520 4023 1537 4051 ,
1603 3983 1845 4056 utrinque
1898 3982 2158 4054 glandulis
2209 3983 2368 4039 fuscis
2410 3986 2681 4059 pellucidis

532 4076 847 4134 creberrimis
891 4073 1051 4129 obsita
1094 4073 1252 4147 iisque
1283 4072 1473 4126 elevate
1500 4079 1747 4142 punctata
1764 4108 1782 4137 ,
1817 4068 1993 4142 glabra
2010 4109 2028 4139 ,
2064 4089 2214 4144 supra
2243 4081 2468 4127 saturate
2499 4073 2683 4129 viridia

534 4165 792 4223 subnitida
805 4202 822 4231 ,
860 4163 1042 4218 subtus
1084 4161 1347 4237 pallidiora
1379 4177 1472 4212 nec
1505 4167 1682 4212 tamen
1715 4156 1894 4232 glauca
1909 4196 1926 4225 ,
1965 4158 2219 4232 margines
2247 4176 2416 4213 versus
2442 4160 2497 4213 in
2525 4178 2683 4215 venu-

535 4255 708 4309 larum
739 4263 843 4308 rete
874 4251 992 4326 pilis
1022 4250 1182 4307 fuscis
1212 4245 1679 4303 villoso-fimbriata
1693 4287 1711 4311 ,
1750 4246 1944 4301 circum
1979 4247 2154 4320 petioli
2184 4247 2508 4303 insoetionem
2537 4267 2681 4322 saepe

539 4343 862 4399 albido-ssave
904 4340 1121 4396 colorata
1138 4378 1156 4408 ,
1206 4337 1308 4394 alia
1354 4340 1430 4393 20
1477 4346 1612 4392 cent.
1653 4336 1801 4409 longa
1843 4355 1902 4393 ae
1949 4336 2083 4408 lata,
2117 4336 2313 4409 majora
2340 4341 2414 4391 30
2442 4345 2494 4390 et
2519 4355 2682 4408 porro.
