3153 5134
1629 335 1711 413 1⁸0

600 604 729 676 que
760 577 1372 670 poroso—punctatos
1392 612 1408 642 ,
1456 557 1625 650 poris
1654 551 1939 622 ovalibus
1982 547 2080 616 vel
2125 542 2424 615 rotundis
2466 543 2715 613 ambitu

600 699 814 794 opacis
877 705 1104 762 centro
1165 677 1747 773 transparentibus3
1822 669 2091 762 parietes
2155 663 2273 755 ipsi
2347 661 2716 731 tenuissimi.

601 823 947 907 Pleraeque
985 807 1250 880 cellulae
1290 823 1523 870 vacuae
1537 851 1554 880 ,
1604 795 1761 864 aliae
1811 788 2074 858 materie
2106 806 2405 878 grumosa
2456 769 2683 873 plenae
2702 833 2718 861 ‚

600 942 714 1012 sed
760 937 934 1007 iodio
990 929 1244 1000 nullum
1296 922 1584 1013 amylum
1636 912 1985 1004 detegitur.
2094 911 2442 974 Paucarum
2494 903 2722 970 saltem

602 1061 875 1157 parietes
925 1046 1348 1142 aequabiliter
1395 1034 1739 1109 incrassati.
1846 1035 2007 1102 Vasa
2052 1025 2285 1117 quibus
2315 1022 2598 1092 fasciculi
2633 1020 2738 1088 illi

605 1179 801 1275 sparsi
849 1183 1187 1251 constant,
1232 1165 1461 1235 eadem
1506 1155 1772 1228 omnino
1805 1151 2054 1221 ratione
2086 1171 2161 1215 ac
2193 1147 2264 1214 in
2292 1145 2471 1235 ligno
2503 1140 2728 1231 dupli-

607 1303 697 1373 cis
728 1295 978 1392 generis
1006 1303 1157 1360 sunt
1177 1339 1193 1369 ,
1224 1284 1355 1354 scil.
1388 1282 1459 1348 in
1493 1275 1709 1346 medio
1741 1269 2023 1340 fasciculi
2054 1269 2166 1336 sed
2193 1263 2410 1356 paullo
2443 1262 2527 1330 ad
2557 1262 2727 1328 latus

609 1424 943 1492 internum
974 1436 1112 1479 vasa
1145 1428 1367 1499 porosa
1387 1454 1405 1484 ‚
1436 1415 1503 1469 et
1533 1399 1604 1465 in
1636 1393 1886 1463 ambitu
1920 1386 2132 1458 tubuli
2164 1382 2541 1464 tenuissimi,
2577 1379 2729 1472 (cel-

609 1542 780 1611 lulae
813 1528 1168 1626 elongatae)
1214 1521 1579 1594 densissime
1606 1509 1916 1584 coarctati
1960 1505 2310 1598 parietibus
2351 1503 2732 1594 plerumque

609 1655 1052 1750 homogeneis,
1097 1672 1233 1719 non
1265 1644 1384 1713 nisi
1414 1637 1725 1710 rarissime
1757 1631 1865 1700 hic
1894 1629 2024 1700 illic
2057 1623 2407 1718 punctatiS.
2510 1622 2562 1688 E
2600 1641 2732 1686 me·

616 1782 833 1852 dullae
856 1776 1173 1844 diametro
1197 1789 1351 1835 cum
1378 1784 1453 1830 eo
1480 1755 1711 1828 ramuli
1732 1762 2104 1842 comparato
2126 1746 2307 1814 haud
2329 1737 2734 1833 improbabili

613 1901 988 1990 conjectura
1039 1886 1208 1958 effici
1256 1903 1432 1974 posse
1461 1878 1719 1946 videtur
1738 1925 1756 1955 ,
1802 1868 2155 1937 medullam
2191 1845 2334 1934 tum
2360 1862 2737 1932 cellularum

616 2037 758 2091 tum
809 2031 1101 2082 vasorum
1151 2002 1533 2074 continuato
1588 1996 1987 2063 incremento
2044 1985 2260 2054 adbuc
2311 2005 2427 2073 per
2474 1978 2737 2070 aliquod

618 2158 876 2228 tempus
902 2125 1165 2201 extendi
1193 2145 1313 2191 nec
1339 2142 1534 2211 quem
1569 2114 1727 2184 inde
1751 2112 1842 2180 *ab
1874 2107 2059 2176 initio
2088 2103 2318 2172 habuit
2348 2100 2732 2168 diametrum

618 2277 884 2330 servare.
971 2249 1290 2339 Lignum
1325 2241 1634 2329 adspectu
1666 2230 1926 2302 sordide
1958 2227 2343 2303 fuscescens,
2380 2218 2573 2288 radiis
2603 2239 2737 2284 me-

621 2376 978 2452 dullaribus
1044 2358 1560 2436 numerosissimis
1632 2348 1905 2443 duplicis
1965 2342 2214 2438 generis
2232 2393 2250 2424 ,
2310 2337 2662 2428 majoribus
2707 2359 2745 2403 e

624 2497 908 2572 medulla
954 2491 1040 2559 ad
1084 2484 1391 2557 corticem
1438 2498 1641 2567 usque
1672 2465 2065 2541 continuatis
2084 2515 2102 2547 ,
2135 2477 2205 2531 et
2234 2457 2706 2551 angustioribus
2723 2506 2742 2538 ‚

624 2624 798 2691 inter
831 2617 994 2684 duos
1023 2608 1296 2698 majores
1325 2596 1651 2670 contentis
1691 2594 1995 2684 (quorum
2021 2583 2318 2676 primitus
2348 2603 2516 2648 unus
2540 2601 2578 2645 e
2602 2598 2746 2643 me-

629 2742 808 2811 dulla
828 2790 847 2820 ,
891 2736 1154 2821 duoque
1194 2724 1495 2810 deinceps
1525 2715 1836 2803 utrinque
1864 2706 2026 2789 orti,
2059 2705 2150 2773 ita
2185 2701 2362 2771 utin
2390 2696 2752 2789 peripheria

633 2880 764 2934 tres
804 2857 1080 2925 minores
1123 2845 1288 2917 radii
1336 2843 1507 2909 inter
1550 2836 1713 2905 duos
1746 2831 2017 2921 majores
2046 2821 2379 2902 contenti,
2425 2818 2491 2886 in
2525 2829 2751 2885 centro

633 3006 804 3057 unus
850 2971 1131 3055 tantum)
1193 2966 1371 3057 ligno
1421 2953 1864 3051 pallidioribus
1913 2962 1979 3016 et
2028 2946 2097 3011 in
2130 2943 2409 3012 sectione
2442 2938 2622 3006 haud
2654 2937 2753 3004 ni-

637 3100 929 3192 tentibus
955 3113 1150 3183 quam
1177 3079 1639 3175 elegantissime
1662 3074 1732 3140 in
1760 3079 2085 3160 segmenta
2111 3063 2458 3130 introrsum
2481 3068 2754 3125 cuneata

637 3220 936 3293 finditur.
1027 3210 1288 3299 Majores
1318 3204 1388 3295 in
1422 3196 1674 3268 ambitu
1711 3198 1751 3257 2
1787 3212 1942 3255 mm.
1990 3182 2245 3250 circiter
2279 3177 2561 3256 distant,
2608 3173 2755 3263 ipsi-

642 3367 772 3439 que
821 3345 1131 3408 contento
1182 3348 1296 3394 suo
1346 3322 1522 3411 ligno
1580 3325 1809 3404 quater
1854 3303 2111 3374 circiter
2145 3296 2481 3367 tenuiores·
2572 3291 2759 3359 Radii

643 3460 1025 3534 medullares
1067 3445 1310 3518 cellulis
1355 3436 1657 3509 mollibus
1708 3425 2042 3520 fragilibus
2072 3415 2403 3511 quadratis
2431 3427 2759 3494 constant,

646 3580 994 3679 parietibus
1030 3562 1441 3657 homogeneis
1488 3572 1555 3627 et
1603 3569 1949 3646 parumper
2011 3538 2386 3633 regulariter
2415 3534 2766 3603 incrassatis

558 3739 561 3743 ⁴
646 3724 880 3799 parum
930 3684 1355 3763 translucidis.
1447 3678 1512 3745 Si
1562 3695 1764 3743 conus
1809 3667 2056 3757 ligneus
2100 3660 2455 3728 secundum
2509 3654 2764 3723 radium

640 3818 1068 3912 ‘medullarem
1108 3794 1722 3899 perpendiculariter
1764 3785 2099 3854 diffractus
2135 3782 2309 3848 lente
2350 3775 2764 3866 conspicitur,

658 3957 868 4016 textus
887 3932 1219 4004 cellulosus
1243 3923 1454 3990 nitens
1478 3909 1851 4006 regulariter
1877 3921 2219 3973 transverse
2250 3897 2506 3966 striatus
2527 3895 2595 3960 in
2614 3916 2767 3961 con-

632 4075 950 4158 ·spectum
995 4048 1188 4118 venit.
1280 4046 1626 4132 Segmenta
1668 4030 1880 4121 lignea
1927 4041 2271 4093 transverse
2301 4031 2469 4085 secta
2504 4035 2769 4080 massam

660 4190 1127 4270 homogeneam
1173 4162 1351 4254 quasi
1389 4157 1729 4230 resinosam
1764 4148 2037 4217 nitidam
2071 4141 2378 4213 obferunt
2398 4187 2414 4217 ,
2464 4134 2772 4202 tuborum

664 4296 1038 4395 regulariter
1082 4290 1152 4358 in
1205 4287 1379 4355 1-3
1414 4277 1600 4348 series
1633 4267 2000 4343 alternatim
2036 4258 2485 4351 dispositorum
2521 4250 2780 4324 orificiis
