<?xml version="1.0" encoding="UTF-8"?>
<!DOCTYPE html PUBLIC "-//W3C//DTD XHTML 1.0 Transitional//EN"
    "http://www.w3.org/TR/xhtml1/DTD/xhtml1-transitional.dtd">
<html xmlns="http://www.w3.org/1999/xhtml" xml:lang="en" lang="en">
 <head>
  <title>
</title>
<meta http-equiv="Content-Type" content="text/html;charset=utf-8" />
  <meta name='ocr-system' content='tesseract 3.04.00' />
  <meta name='ocr-capabilities' content='ocr_page ocr_carea ocr_par ocr_line ocrx_word'/>
</head>
<body>
  <div class='ocr_page' id='page_1' title='image "./systemapiperace00migugoog_0300.png"; bbox 0 0 3153 5134; ppageno 0'>
   <div class='ocr_carea' id='block_1_1' title="bbox 1549 347 1684 420">
    <p class='ocr_par' dir='ltr' id='par_1_1' title="bbox 1549 347 1684 420">
     <span class='ocr_line' id='line_1_1' title="bbox 1549 347 1684 420; baseline 0.015 -2"><span class='ocrx_word' id='word_1_1' title='bbox 1549 347 1684 420; x_wconf 77' lang='lat'><strong>286</strong></span> 
     </span>
    </p>
   </div>
   <div class='ocr_carea' id='block_1_2' title="bbox 534 550 2745 3336">
    <p class='ocr_par' dir='ltr' id='par_1_2' title="bbox 543 550 2700 1668">
     <span class='ocr_line' id='line_1_2' title="bbox 555 550 2697 637; baseline 0 -15"><span class='ocrx_word' id='word_1_2' title='bbox 555 559 626 622; x_wconf 55' lang='lat' dir='ltr'><strong>&amp;a</strong></span> <span class='ocrx_word' id='word_1_3' title='bbox 660 552 837 623; x_wconf 69' lang='lat' dir='ltr'><strong>Vsu-h.</strong></span> <span class='ocrx_word' id='word_1_4' title='bbox 868 551 1006 620; x_wconf 69' lang='lat' dir='ltr'><strong>Bal.</strong></span> <span class='ocrx_word' id='word_1_5' title='bbox 1045 556 1315 617; x_wconf 70' lang='lat' dir='ltr'><strong>Gonoots.</strong></span> <span class='ocrx_word' id='word_1_6' title='bbox 1356 554 1515 615; x_wconf 86' lang='lat' dir='ltr'><strong>Tom.</strong></span> <span class='ocrx_word' id='word_1_7' title='bbox 1552 552 1662 615; x_wconf 84' lang='lat' dir='ltr'><strong>XI</strong></span> <span class='ocrx_word' id='word_1_8' title='bbox 1689 575 1756 635; x_wconf 86' lang='lat' dir='ltr'><strong>p.</strong></span> <span class='ocrx_word' id='word_1_9' title='bbox 1786 552 1927 615; x_wconf 89' lang='grc'><strong>200.</strong></span> <span class='ocrx_word' id='word_1_10' title='bbox 2016 551 2357 617; x_wconf 74' lang='lat' dir='ltr'><strong>Enumerat.</strong></span> <span class='ocrx_word' id='word_1_11' title='bbox 2377 550 2469 637; x_wconf 79' lang='lat' dir='ltr'><strong>pl.</strong></span> <span class='ocrx_word' id='word_1_12' title='bbox 2499 554 2697 623; x_wconf 64' lang='lat' dir='ltr'><strong>elaeae</strong></span> 
     </span>
     <span class='ocr_line' id='line_1_3' title="bbox 550 657 2697 745; baseline -0.001 -18"><span class='ocrx_word' id='word_1_13' title='bbox 550 668 707 743; x_wconf 72' lang='lat' dir='ltr'><strong>fase.</strong></span> <span class='ocrx_word' id='word_1_14' title='bbox 724 665 781 725; x_wconf 91' lang='lat' dir='ltr'><strong>I.</strong></span> <span class='ocrx_word' id='word_1_15' title='bbox 797 684 861 745; x_wconf 84' lang='lat' dir='ltr'><strong>p.</strong></span> <span class='ocrx_word' id='word_1_16' title='bbox 889 657 991 724; x_wconf 89' lang='grc'><strong>70.</strong></span> <span class='ocrx_word' id='word_1_17' title='bbox 1053 660 1113 721; x_wconf 86' lang='lat' dir='ltr'><em>V</em></span> <span class='ocrx_word' id='word_1_18' title='bbox 1108 662 1300 721; x_wconf 74' lang='lat' dir='ltr'><strong>itman</strong></span> <span class='ocrx_word' id='word_1_19' title='bbox 1320 658 1564 719; x_wconf 73' lang='lat' dir='ltr'><strong>Summa</strong></span> <span class='ocrx_word' id='word_1_20' title='bbox 1586 659 1678 738; x_wconf 81' lang='lat' dir='ltr'><strong>pl.</strong></span> <span class='ocrx_word' id='word_1_21' title='bbox 1714 658 1875 719; x_wconf 84' lang='lat' dir='ltr'><strong>Tem.</strong></span> <span class='ocrx_word' id='word_1_22' title='bbox 1900 658 1950 717; x_wconf 92' lang='lat' dir='ltr'><strong><em>I</em></strong></span> <span class='ocrx_word' id='word_1_23' title='bbox 1955 680 2023 739; x_wconf 89' lang='lat' dir='ltr'><strong>p.</strong></span> <span class='ocrx_word' id='word_1_24' title='bbox 2052 658 2134 721; x_wconf 88' lang='lat'><strong>76</strong></span> <span class='ocrx_word' id='word_1_25' title='bbox 2164 670 2223 719; x_wconf 75' lang='lat' dir='ltr'><strong>et</strong></span> <span class='ocrx_word' id='word_1_26' title='bbox 2247 661 2417 721; x_wconf 79' lang='lat' dir='ltr'><strong>alior.</strong></span> <span class='ocrx_word' id='word_1_27' title='bbox 2447 666 2697 742; x_wconf 73' lang='lat' dir='ltr'><strong>passim⁸¹</strong></span> 
     </span>
     <span class='ocr_line' id='line_1_4' title="bbox 554 760 2697 844; baseline 0 -15"><span class='ocrx_word' id='word_1_28' title='bbox 554 765 821 829; x_wconf 79' lang='lat' dir='ltr'><strong>Cubehae</strong></span> <span class='ocrx_word' id='word_1_29' title='bbox 848 764 1220 843; x_wconf 80' lang='lat' dir='ltr'><strong>officinarum</strong></span> <span class='ocrx_word' id='word_1_30' title='bbox 1235 761 1640 843; x_wconf 71' lang='lat' dir='ltr'><strong>philippenses</strong></span> <span class='ocrx_word' id='word_1_31' title='bbox 1669 760 1916 822; x_wconf 76' lang='lat' dir='ltr'><strong>Gemelli</strong></span> <span class='ocrx_word' id='word_1_32' title='bbox 1932 763 2002 821; x_wconf 74' lang='lat' dir='ltr'><strong>in</strong></span> <span class='ocrx_word' id='word_1_33' title='bbox 2019 763 2358 844; x_wconf 67' lang='lat' dir='ltr'><strong>Philosoph.</strong></span> <span class='ocrx_word' id='word_1_34' title='bbox 2386 766 2697 831; x_wconf 74' lang='lat' dir='ltr'><strong>Transaet.</strong></span> 
     </span>
     <span class='ocr_line' id='line_1_5' title="bbox 559 862 2698 949; baseline 0 -18"><span class='ocrx_word' id='word_1_35' title='bbox 559 873 622 931; x_wconf 85' lang='lat' dir='ltr'><em>V</em></span> <span class='ocrx_word' id='word_1_36' title='bbox 617 872 691 933; x_wconf 79' lang='lat' dir='ltr'><strong>ol.</strong></span> <span class='ocrx_word' id='word_1_37' title='bbox 724 869 948 933; x_wconf 82' lang='lat' dir='ltr'><em>XXIV</em></span> <span class='ocrx_word' id='word_1_38' title='bbox 962 890 1030 949; x_wconf 89' lang='lat' dir='ltr'><strong>p.</strong></span> <span class='ocrx_word' id='word_1_39' title='bbox 1061 866 1214 927; x_wconf 84' lang='lat'><strong>1773</strong></span> <span class='ocrx_word' id='word_1_40' title='bbox 1249 865 1311 947; x_wconf 84' lang='lat' dir='ltr'><strong>(a</strong></span> <span class='ocrx_word' id='word_1_41' title='bbox 1347 862 1545 945; x_wconf 90' lang='lat'>1705).</span> <span class='ocrx_word' id='word_1_42' title='bbox 1588 866 1661 925; x_wconf 87' lang='lat' dir='ltr'><strong>P.</strong></span> <span class='ocrx_word' id='word_1_43' title='bbox 1695 866 2010 926; x_wconf 72' lang='lat' dir='ltr'><strong>caudatam</strong></span> <span class='ocrx_word' id='word_1_44' title='bbox 2043 867 2251 928; x_wconf 69' lang='lat' dir='ltr'><strong>Horou.</strong></span> <span class='ocrx_word' id='word_1_45' title='bbox 2280 898 2363 912; x_wconf 90' lang='lat'><em>-</em></span> <span class='ocrx_word' id='word_1_46' title='bbox 2393 867 2698 933; x_wconf 77' lang='lat' dir='ltr'><strong>Fruticosa</strong></span> 
     </span>
     <span class='ocr_line' id='line_1_6' title="bbox 548 967 2700 1049; baseline 0.002 -17"><span class='ocrx_word' id='word_1_47' title='bbox 548 972 869 1049; x_wconf 85' lang='lat' dir='ltr'><strong>scandens,</strong></span> <span class='ocrx_word' id='word_1_48' title='bbox 907 970 1068 1031; x_wconf 88' lang='lat' dir='ltr'><strong>foliis</strong></span> <span class='ocrx_word' id='word_1_49' title='bbox 1098 969 1320 1048; x_wconf 76' lang='lat' dir='ltr'>glabris</span> <span class='ocrx_word' id='word_1_50' title='bbox 1337 1013 1356 1044; x_wconf 93' lang='lat'><strong>,</strong></span> <span class='ocrx_word' id='word_1_51' title='bbox 1390 967 1782 1028; x_wconf 86' lang='lat' dir='ltr'><strong>inferioribus</strong></span> <span class='ocrx_word' id='word_1_52' title='bbox 1799 969 1989 1029; x_wconf 82' lang='lat' dir='ltr'><strong>ovatis</strong></span> <span class='ocrx_word' id='word_1_53' title='bbox 2006 969 2361 1031; x_wconf 83' lang='lat' dir='ltr'><strong>brevissime</strong></span> <span class='ocrx_word' id='word_1_54' title='bbox 2392 974 2700 1037; x_wconf 83' lang='lat' dir='ltr'><strong>acumina·</strong></span> 
     </span>
     <span class='ocr_line' id='line_1_7' title="bbox 547 1069 2698 1156; baseline 0.001 -22"><span class='ocrx_word' id='word_1_55' title='bbox 547 1075 625 1134; x_wconf 89' lang='lat' dir='ltr'><strong>tis</strong></span> <span class='ocrx_word' id='word_1_56' title='bbox 639 1120 658 1151; x_wconf 93' lang='lat'><strong>,</strong></span> <span class='ocrx_word' id='word_1_57' title='bbox 691 1074 818 1134; x_wconf 89' lang='lat' dir='ltr'><strong>basi</strong></span> <span class='ocrx_word' id='word_1_58' title='bbox 866 1072 1269 1152; x_wconf 75' lang='lat' dir='ltr'><strong>inaequaliter</strong></span> <span class='ocrx_word' id='word_1_59' title='bbox 1315 1069 1672 1131; x_wconf 88' lang='lat' dir='ltr'><strong>subcordata</strong></span> <span class='ocrx_word' id='word_1_60' title='bbox 1688 1118 1708 1148; x_wconf 95' lang='lat'><strong>,</strong></span> <span class='ocrx_word' id='word_1_61' title='bbox 1760 1072 2171 1149; x_wconf 87' lang='lat' dir='ltr'><strong>superioribus</strong></span> <span class='ocrx_word' id='word_1_62' title='bbox 2221 1076 2698 1156; x_wconf 81' lang='lat' dir='ltr'><strong>ovato-oblongis</strong></span> 
     </span>
     <span class='ocr_line' id='line_1_8' title="bbox 548 1173 2698 1254; baseline 0.003 -19"><span class='ocrx_word' id='word_1_63' title='bbox 548 1176 913 1253; x_wconf 89' lang='lat' dir='ltr'><strong>minoribus,</strong></span> <span class='ocrx_word' id='word_1_64' title='bbox 966 1176 1095 1236; x_wconf 88' lang='lat' dir='ltr'><strong>basi</strong></span> <span class='ocrx_word' id='word_1_65' title='bbox 1123 1173 1467 1234; x_wconf 80' lang='lat' dir='ltr'><strong>&#39;rotundata</strong></span> <span class='ocrx_word' id='word_1_66' title='bbox 1486 1219 1506 1249; x_wconf 94' lang='lat'><strong>,</strong></span> <span class='ocrx_word' id='word_1_67' title='bbox 1566 1174 1737 1253; x_wconf 86' lang='lat' dir='ltr'><strong>stirp.</strong></span> <span class='ocrx_word' id='word_1_68' title='bbox 1791 1194 1970 1234; x_wconf 87' lang='lat' dir='ltr'><strong>masc.</strong></span> <span class='ocrx_word' id='word_1_69' title='bbox 2022 1175 2389 1254; x_wconf 82' lang='lat' dir='ltr'><strong>quintupli-,</strong></span> <span class='ocrx_word' id='word_1_70' title='bbox 2448 1185 2518 1238; x_wconf 87' lang='lat' dir='ltr'><strong>st.</strong></span> <span class='ocrx_word' id='word_1_71' title='bbox 2553 1179 2698 1241; x_wconf 88' lang='lat' dir='ltr'><strong>sem.</strong></span> 
     </span>
     <span class='ocr_line' id='line_1_9' title="bbox 549 1274 2695 1361; baseline 0.001 -23"><span class='ocrx_word' id='word_1_72' title='bbox 549 1278 878 1359; x_wconf 75' lang='lat' dir='ltr'><strong>quintupli-</strong></span> <span class='ocrx_word' id='word_1_73' title='bbox 913 1277 1014 1338; x_wconf 87' lang='lat' dir='ltr'><strong>vel</strong></span> <span class='ocrx_word' id='word_1_74' title='bbox 1047 1274 1539 1342; x_wconf 78' lang='lat' dir='ltr'><strong>noveno-nerviis</strong></span> <span class='ocrx_word' id='word_1_75' title='bbox 1574 1281 1636 1334; x_wconf 88' lang='lat' dir='ltr'><strong>et</strong></span> <span class='ocrx_word' id='word_1_76' title='bbox 1669 1275 2185 1353; x_wconf 80' lang='lat' dir='ltr'><strong>paucicostulatis,</strong></span> <span class='ocrx_word' id='word_1_77' title='bbox 2203 1275 2569 1355; x_wconf 75' lang='lat' dir='ltr'><strong>pedunculis</strong></span> <span class='ocrx_word' id='word_1_78' title='bbox 2592 1300 2695 1361; x_wconf 85' lang='lat' dir='ltr'><strong>pe-</strong></span> 
     </span>
     <span class='ocr_line' id='line_1_10' title="bbox 547 1378 2695 1460; baseline 0 -17"><span class='ocrx_word' id='word_1_79' title='bbox 547 1383 763 1444; x_wconf 90' lang='lat' dir='ltr'><strong>tiolum</strong></span> <span class='ocrx_word' id='word_1_80' title='bbox 809 1380 1347 1460; x_wconf 83' lang='lat' dir='ltr'><strong>subaequantibus,</strong></span> <span class='ocrx_word' id='word_1_81' title='bbox 1393 1378 1650 1440; x_wconf 88' lang='lat' dir='ltr'><strong>amentis</strong></span> <span class='ocrx_word' id='word_1_82' title='bbox 1700 1378 1981 1439; x_wconf 87' lang='lat' dir='ltr'><strong>masculis</strong></span> <span class='ocrx_word' id='word_1_83' title='bbox 2010 1380 2373 1457; x_wconf 88' lang='lat' dir='ltr'><strong>gracilibus,</strong></span> <span class='ocrx_word' id='word_1_84' title='bbox 2413 1379 2695 1444; x_wconf 83' lang='lat' dir='ltr'><strong>femineis</strong></span> 
     </span>
     <span class='ocr_line' id='line_1_11' title="bbox 543 1480 2691 1563; baseline 0 -17"><span class='ocrx_word' id='word_1_85' title='bbox 543 1486 959 1563; x_wconf 87' lang='lat' dir='ltr'><strong>crassioribus,</strong></span> <span class='ocrx_word' id='word_1_86' title='bbox 993 1484 1252 1546; x_wconf 77' lang='lat' dir='ltr'><strong>bracteis</strong></span> <span class='ocrx_word' id='word_1_87' title='bbox 1283 1482 1558 1559; x_wconf 77' lang='lat' dir='ltr'><strong>hirsutis,</strong></span> <span class='ocrx_word' id='word_1_88' title='bbox 1590 1480 1905 1562; x_wconf 85' lang='lat' dir='ltr'><strong>pedicellis</strong></span> <span class='ocrx_word' id='word_1_89' title='bbox 1937 1483 2314 1563; x_wconf 80' lang='lat' dir='ltr'><strong>longioribus</strong></span> <span class='ocrx_word' id='word_1_90' title='bbox 2339 1502 2526 1563; x_wconf 82' lang='lat' dir='ltr'><strong>quam</strong></span> <span class='ocrx_word' id='word_1_91' title='bbox 2553 1486 2691 1547; x_wconf 79' lang='lat' dir='ltr'><strong>bac·</strong></span> 
     </span>
     <span class='ocr_line' id='line_1_12' title="bbox 544 1589 978 1668; baseline 0 -19"><span class='ocrx_word' id='word_1_92' title='bbox 544 1607 652 1657; x_wconf 82' lang='lat' dir='ltr'><strong>cae</strong></span> <span class='ocrx_word' id='word_1_93' title='bbox 684 1589 978 1668; x_wconf 77' lang='lat' dir='ltr'><strong>globosae.</strong></span> 
     </span>
    </p>

    <p class='ocr_par' dir='ltr' id='par_1_3' title="bbox 536 1704 2691 1874">
     <span class='ocr_line' id='line_1_13' title="bbox 610 1704 2691 1785; baseline 0 -18"><span class='ocrx_word' id='word_1_94' title='bbox 610 1717 769 1770; x_wconf 85' lang='lat' dir='ltr'><strong>leon.</strong></span> <span class='ocrx_word' id='word_1_95' title='bbox 804 1710 985 1765; x_wconf 87' lang='lat' dir='ltr'><strong>Blume</strong></span> <span class='ocrx_word' id='word_1_96' title='bbox 1014 1708 1053 1766; x_wconf 88' lang='lat'><strong>1.</strong></span> <span class='ocrx_word' id='word_1_97' title='bbox 1087 1728 1134 1766; x_wconf 89' lang='lat' dir='ltr'><strong>e.</strong></span> <span class='ocrx_word' id='word_1_98' title='bbox 1162 1707 1255 1783; x_wconf 82' lang='lat' dir='ltr'><strong>fig.</strong></span> <span class='ocrx_word' id='word_1_99' title='bbox 1287 1712 1378 1764; x_wconf 81' lang='lat'><strong>21.</strong></span> <span class='ocrx_word' id='word_1_100' title='bbox 1406 1704 1529 1763; x_wconf 85' lang='lat' dir='ltr'><strong>folia</strong></span> <span class='ocrx_word' id='word_1_101' title='bbox 1556 1706 1928 1785; x_wconf 80' lang='lat' dir='ltr'><strong>xylographice.</strong></span> <span class='ocrx_word' id='word_1_102' title='bbox 2008 1709 2129 1783; x_wconf 70' lang='lat' dir='ltr'><strong>utiq.</strong></span> <span class='ocrx_word' id='word_1_103' title='bbox 2159 1708 2199 1766; x_wconf 89' lang='lat'><strong>1.</strong></span> <span class='ocrx_word' id='word_1_104' title='bbox 2229 1728 2276 1767; x_wconf 89' lang='lat' dir='ltr'><strong>c.</strong></span> <span class='ocrx_word' id='word_1_105' title='bbox 2311 1709 2437 1769; x_wconf 85' lang='lat' dir='ltr'><strong>Tab.</strong></span> <span class='ocrx_word' id='word_1_106' title='bbox 2468 1715 2510 1769; x_wconf 89' lang='lat'><strong>1.</strong></span> <span class='ocrx_word' id='word_1_107' title='bbox 2540 1721 2593 1767; x_wconf 86' lang='lat' dir='ltr'><strong>et</strong></span> <span class='ocrx_word' id='word_1_108' title='bbox 2619 1714 2691 1767; x_wconf 80' lang='lat'><strong>11.</strong></span> 
     </span>
     <span class='ocr_line' id='line_1_14' title="bbox 536 1798 1128 1874; baseline -0.005 -18"><span class='ocrx_word' id='word_1_109' title='bbox 536 1800 780 1874; x_wconf 85' lang='lat' dir='ltr'><strong>(stirpem</strong></span> <span class='ocrx_word' id='word_1_110' title='bbox 814 1798 1128 1873; x_wconf 81' lang='lat' dir='ltr'><strong>utramque).</strong></span> 
     </span>
    </p>

    <p class='ocr_par' dir='ltr' id='par_1_4' title="bbox 534 1908 2745 3336">
     <span class='ocr_line' id='line_1_15' title="bbox 620 1908 2688 1994; baseline 0.001 -17"><span class='ocrx_word' id='word_1_111' title='bbox 620 1918 922 1979; x_wconf 79' lang='lat' dir='ltr'><strong>Habitat</strong></span> <span class='ocrx_word' id='word_1_112' title='bbox 962 1916 1026 1974; x_wconf 90' lang='lat' dir='ltr'><strong>in</strong></span> <span class='ocrx_word' id='word_1_113' title='bbox 1067 1908 1303 1974; x_wconf 83' lang='lat' dir='ltr'><strong>insulae</strong></span> <span class='ocrx_word' id='word_1_114' title='bbox 1352 1914 1499 1975; x_wconf 83' lang='lat' dir='ltr'><strong>Java</strong></span> <span class='ocrx_word' id='word_1_115' title='bbox 1552 1914 1804 1994; x_wconf 81' lang='lat' dir='ltr'><strong>regione</strong></span> <span class='ocrx_word' id='word_1_116' title='bbox 1843 1915 2224 1978; x_wconf 86' lang='lat' dir='ltr'><strong>Bantamensi</strong></span> <span class='ocrx_word' id='word_1_117' title='bbox 2261 1923 2323 1978; x_wconf 86' lang='lat' dir='ltr'><strong>et</strong></span> <span class='ocrx_word' id='word_1_118' title='bbox 2361 1915 2559 1980; x_wconf 86' lang='lat' dir='ltr'><strong>vicina</strong></span> <span class='ocrx_word' id='word_1_119' title='bbox 2594 1920 2688 1980; x_wconf 91' lang='lat' dir='ltr'><strong>in·</strong></span> 
     </span>
     <span class='ocr_line' id='line_1_16' title="bbox 540 2015 2745 2099; baseline 0.001 -19"><span class='ocrx_word' id='word_1_120' title='bbox 540 2020 671 2081; x_wconf 89' lang='lat' dir='ltr'><strong>sula</strong></span> <span class='ocrx_word' id='word_1_121' title='bbox 708 2019 892 2079; x_wconf 87' lang='lat' dir='ltr'><strong>Nussa</strong></span> <span class='ocrx_word' id='word_1_122' title='bbox 925 2015 1318 2095; x_wconf 86' lang='lat' dir='ltr'><strong>Kamhangan</strong></span> <span class='ocrx_word' id='word_1_123' title='bbox 1352 2024 1707 2097; x_wconf 82' lang='lat' dir='ltr'><strong>spontanea3</strong></span> <span class='ocrx_word' id='word_1_124' title='bbox 1751 2018 1816 2077; x_wconf 90' lang='lat' dir='ltr'><strong>in</strong></span> <span class='ocrx_word' id='word_1_125' title='bbox 1854 2019 1986 2078; x_wconf 86' lang='lat' dir='ltr'><strong>aliis</strong></span> <span class='ocrx_word' id='word_1_126' title='bbox 2019 2019 2206 2081; x_wconf 86' lang='lat' dir='ltr'><strong>Javae</strong></span> <span class='ocrx_word' id='word_1_127' title='bbox 2238 2022 2588 2099; x_wconf 87' lang='lat' dir='ltr'><strong>regionibus</strong></span> <span class='ocrx_word' id='word_1_128' title='bbox 2621 2029 2691 2088; x_wconf 87' lang='lat' dir='ltr'><strong>ut</strong></span> <span class='ocrx_word' id='word_1_129' title='bbox 2739 2089 2745 2098; x_wconf 55' lang='grc'><strong><em>,</em></strong></span> 
     </span>
     <span class='ocr_line' id='line_1_17' title="bbox 541 2108 2687 2212; baseline 0.002 -31"><span class='ocrx_word' id='word_1_130' title='bbox 541 2123 608 2181; x_wconf 88' lang='lat' dir='ltr'><strong>in</strong></span> <span class='ocrx_word' id='word_1_131' title='bbox 656 2121 826 2182; x_wconf 85' lang='lat' dir='ltr'><strong>Prov.</strong></span> <span class='ocrx_word' id='word_1_132' title='bbox 874 2121 1157 2197; x_wconf 84' lang='lat' dir='ltr'><strong>Bantam‚</strong></span> <span class='ocrx_word' id='word_1_133' title='bbox 1191 2140 1379 2200; x_wconf 86' lang='lat' dir='ltr'><strong>prope</strong></span> <span class='ocrx_word' id='word_1_134' title='bbox 1420 2139 1553 2181; x_wconf 89' lang='lat' dir='ltr'><strong>oras</strong></span> <span class='ocrx_word' id='word_1_135' title='bbox 1599 2120 1873 2197; x_wconf 88' lang='lat' dir='ltr'><strong>Sundae,</strong></span> <span class='ocrx_word' id='word_1_136' title='bbox 1918 2122 2129 2200; x_wconf 86' lang='lat' dir='ltr'><strong>Tjikao</strong></span> <span class='ocrx_word' id='word_1_137' title='bbox 2159 2124 2358 2201; x_wconf 86' lang='lat' dir='ltr'><strong>culta,</strong></span> <span class='ocrx_word' id='word_1_138' title='bbox 2393 2108 2687 2212; x_wconf 76' lang='lat' dir='ltr'><strong>imprimis</strong></span> 
     </span>
     <span class='ocr_line' id='line_1_18' title="bbox 543 2222 2682 2308; baseline 0.002 -23"><span class='ocrx_word' id='word_1_139' title='bbox 543 2222 693 2285; x_wconf 89' lang='lat' dir='ltr'><strong>locis</strong></span> <span class='ocrx_word' id='word_1_140' title='bbox 727 2223 1050 2303; x_wconf 85' lang='lat' dir='ltr'><strong>depressis,</strong></span> <span class='ocrx_word' id='word_1_141' title='bbox 1106 2232 1256 2285; x_wconf 84' lang='lat' dir='ltr'><strong>teste</strong></span> <span class='ocrx_word' id='word_1_142' title='bbox 1305 2243 1554 2303; x_wconf 63' lang='grc' dir='ltr'><strong>Βιυιιεος</strong></span> <span class='ocrx_word' id='word_1_143' title='bbox 1614 2223 1682 2283; x_wconf 90' lang='lat' dir='ltr'><strong>in</strong></span> <span class='ocrx_word' id='word_1_144' title='bbox 1723 2224 1903 2284; x_wconf 51' lang='lat' dir='ltr'><strong>llerb.¹</strong></span> <span class='ocrx_word' id='word_1_145' title='bbox 1932 2225 2018 2285; x_wconf 90' lang='lat' dir='ltr'><strong>De</strong></span> <span class='ocrx_word' id='word_1_146' title='bbox 2051 2227 2202 2286; x_wconf 87' lang='lat' dir='ltr'><strong>Less.</strong></span> <span class='ocrx_word' id='word_1_147' title='bbox 2237 2227 2566 2306; x_wconf 84' lang='lat' dir='ltr'><strong>specimina</strong></span> <span class='ocrx_word' id='word_1_148' title='bbox 2590 2228 2682 2308; x_wconf 83' lang='lat' dir='ltr'><strong>ja-</strong></span> 
     </span>
     <span class='ocr_line' id='line_1_19' title="bbox 537 2325 2682 2408; baseline 0.002 -20"><span class='ocrx_word' id='word_1_149' title='bbox 537 2347 695 2388; x_wconf 79' lang='lat' dir='ltr'><strong>vana</strong></span> <span class='ocrx_word' id='word_1_150' title='bbox 746 2334 979 2387; x_wconf 82' lang='lat' dir='ltr'><strong>exstant</strong></span> <span class='ocrx_word' id='word_1_151' title='bbox 1019 2347 1093 2387; x_wconf 88' lang='lat' dir='ltr'><strong>ex</strong></span> <span class='ocrx_word' id='word_1_152' title='bbox 1129 2327 1233 2388; x_wconf 80' lang='lat' dir='ltr'><strong>nh.</strong></span> <span class='ocrx_word' id='word_1_153' title='bbox 1270 2325 1465 2403; x_wconf 68' lang='lat' dir='ltr'><strong>Vent„</strong></span> <span class='ocrx_word' id='word_1_154' title='bbox 1502 2334 1563 2387; x_wconf 84' lang='lat' dir='ltr'><strong>et</strong></span> <span class='ocrx_word' id='word_1_155' title='bbox 1594 2347 1784 2406; x_wconf 90' lang='lat' dir='ltr'><strong>prope</strong></span> <span class='ocrx_word' id='word_1_156' title='bbox 1817 2328 2144 2408; x_wconf 90' lang='lat' dir='ltr'><strong>Samarang</strong></span> <span class='ocrx_word' id='word_1_157' title='bbox 2176 2329 2334 2391; x_wconf 89' lang='lat' dir='ltr'><strong>lecta</strong></span> <span class='ocrx_word' id='word_1_158' title='bbox 2369 2352 2444 2391; x_wconf 86' lang='lat' dir='ltr'><strong>ex</strong></span> <span class='ocrx_word' id='word_1_159' title='bbox 2481 2332 2682 2394; x_wconf 81' lang='lat' dir='ltr'><strong>Houtt.</strong></span> 
     </span>
     <span class='ocr_line' id='line_1_20' title="bbox 541 2428 2684 2511; baseline 0.002 -20"><span class='ocrx_word' id='word_1_160' title='bbox 541 2430 718 2491; x_wconf 80' lang='lat' dir='ltr'><strong>Herb.</strong></span> <span class='ocrx_word' id='word_1_161' title='bbox 754 2459 836 2475; x_wconf 84' lang='lat'><strong>--</strong></span> <span class='ocrx_word' id='word_1_162' title='bbox 868 2430 1112 2511; x_wconf 87' lang='lat' dir='ltr'><strong>Reliqui</strong></span> <span class='ocrx_word' id='word_1_163' title='bbox 1149 2431 1267 2491; x_wconf 90' lang='lat' dir='ltr'><strong>loci</strong></span> <span class='ocrx_word' id='word_1_164' title='bbox 1300 2430 1529 2491; x_wconf 85' lang='lat' dir='ltr'><strong>natales</strong></span> <span class='ocrx_word' id='word_1_165' title='bbox 1562 2431 1640 2490; x_wconf 86' lang='lat' dir='ltr'><strong>ab</strong></span> <span class='ocrx_word' id='word_1_166' title='bbox 1676 2428 2025 2492; x_wconf 90' lang='lat' dir='ltr'><strong>auctoribus</strong></span> <span class='ocrx_word' id='word_1_167' title='bbox 2059 2430 2311 2495; x_wconf 89' lang='lat' dir='ltr'><strong>indicati</strong></span> <span class='ocrx_word' id='word_1_168' title='bbox 2329 2479 2348 2510; x_wconf 93' lang='lat'><strong>,</strong></span> <span class='ocrx_word' id='word_1_169' title='bbox 2399 2436 2494 2494; x_wconf 89' lang='lat' dir='ltr'><strong>uti</strong></span> <span class='ocrx_word' id='word_1_170' title='bbox 2530 2435 2684 2495; x_wconf 84' lang='lat' dir='ltr'><strong>Gui-</strong></span> 
     </span>
     <span class='ocr_line' id='line_1_21' title="bbox 537 2532 2674 2611; baseline 0.002 -17"><span class='ocrx_word' id='word_1_171' title='bbox 537 2552 656 2595; x_wconf 90' lang='lat' dir='ltr'><strong>nea</strong></span> <span class='ocrx_word' id='word_1_172' title='bbox 681 2552 743 2595; x_wconf 77' lang='lat' dir='ltr'><strong>‘a</strong></span> <span class='ocrx_word' id='word_1_173' title='bbox 792 2551 1006 2611; x_wconf 63' lang='lat' dir='ltr'><strong>crusm,</strong></span> <span class='ocrx_word' id='word_1_174' title='bbox 1058 2532 1234 2594; x_wconf 87' lang='lat' dir='ltr'><strong>India</strong></span> <span class='ocrx_word' id='word_1_175' title='bbox 1281 2532 1624 2609; x_wconf 88' lang='lat' dir='ltr'><strong>orientalis,</strong></span> <span class='ocrx_word' id='word_1_176' title='bbox 1673 2533 1878 2594; x_wconf 86' lang='lat' dir='ltr'><strong>insula</strong></span> <span class='ocrx_word' id='word_1_177' title='bbox 1921 2534 2214 2611; x_wconf 81' lang='lat' dir='ltr'><strong>Mauritii,</strong></span> <span class='ocrx_word' id='word_1_178' title='bbox 2252 2534 2674 2611; x_wconf 81' lang='lat' dir='ltr'><strong>Borbonensis,</strong></span> 
     </span>
     <span class='ocr_line' id='line_1_22' title="bbox 534 2634 2684 2719; baseline 0.002 -22"><span class='ocrx_word' id='word_1_179' title='bbox 534 2635 905 2699; x_wconf 85' lang='lat' dir='ltr'><strong>excludendi</strong></span> <span class='ocrx_word' id='word_1_180' title='bbox 953 2645 1016 2698; x_wconf 91' lang='lat' dir='ltr'><strong>et</strong></span> <span class='ocrx_word' id='word_1_181' title='bbox 1061 2637 1138 2698; x_wconf 88' lang='lat' dir='ltr'><strong>ad</strong></span> <span class='ocrx_word' id='word_1_182' title='bbox 1182 2638 1330 2699; x_wconf 89' lang='lat' dir='ltr'><strong>alias</strong></span> <span class='ocrx_word' id='word_1_183' title='bbox 1380 2637 1608 2718; x_wconf 89' lang='lat' dir='ltr'><strong>species</strong></span> <span class='ocrx_word' id='word_1_184' title='bbox 1648 2634 1976 2699; x_wconf 88' lang='lat' dir='ltr'><strong>referendi.</strong></span> <span class='ocrx_word' id='word_1_185' title='bbox 2076 2639 2136 2699; x_wconf 92' lang='lat' dir='ltr'><strong>Si</strong></span> <span class='ocrx_word' id='word_1_186' title='bbox 2181 2660 2439 2700; x_wconf 61' lang='lat' dir='ltr'><strong>esuum</strong></span> <span class='ocrx_word' id='word_1_187' title='bbox 2476 2640 2684 2719; x_wconf 87' lang='lat' dir='ltr'><strong>planta</strong></span> 
     </span>
     <span class='ocr_line' id='line_1_23' title="bbox 538 2739 2677 2822; baseline 0.001 -20"><span class='ocrx_word' id='word_1_188' title='bbox 538 2742 665 2802; x_wconf 88' lang='lat' dir='ltr'><strong>huc</strong></span> <span class='ocrx_word' id='word_1_189' title='bbox 704 2761 916 2802; x_wconf 80' lang='lat' dir='ltr'><strong>revera</strong></span> <span class='ocrx_word' id='word_1_190' title='bbox 954 2743 1251 2822; x_wconf 82' lang='lat' dir='ltr'><strong>pertinet,</strong></span> <span class='ocrx_word' id='word_1_191' title='bbox 1300 2742 1481 2802; x_wconf 86' lang='lat' dir='ltr'><strong>etiam</strong></span> <span class='ocrx_word' id='word_1_192' title='bbox 1515 2743 1584 2800; x_wconf 88' lang='lat' dir='ltr'><strong>in</strong></span> <span class='ocrx_word' id='word_1_193' title='bbox 1617 2741 1728 2800; x_wconf 87' lang='lat' dir='ltr'><strong>ins.</strong></span> <span class='ocrx_word' id='word_1_194' title='bbox 1767 2739 2129 2820; x_wconf 83' lang='lat' dir='ltr'><strong>Philippinis</strong></span> <span class='ocrx_word' id='word_1_195' title='bbox 2162 2743 2399 2804; x_wconf 90' lang='lat' dir='ltr'><strong>crescit.</strong></span> <span class='ocrx_word' id='word_1_196' title='bbox 2434 2775 2516 2789; x_wconf 92' lang='lat'><strong>—-</strong></span> <span class='ocrx_word' id='word_1_197' title='bbox 2553 2744 2677 2805; x_wconf 84' lang='lat' dir='ltr'><strong>Ma·</strong></span> 
     </span>
     <span class='ocr_line' id='line_1_24' title="bbox 538 2841 2680 2924; baseline -0 -17"><span class='ocrx_word' id='word_1_198' title='bbox 538 2844 716 2906; x_wconf 88' lang='lat' dir='ltr'><strong>laiis</strong></span> <span class='ocrx_word' id='word_1_199' title='bbox 748 2842 1100 2919; x_wconf 83' lang='lat' dir='ltr'><strong>Kumukus‚</strong></span> <span class='ocrx_word' id='word_1_200' title='bbox 1119 2842 1539 2903; x_wconf 86' lang='lat' dir='ltr'><strong>Komoonkoos</strong></span> <span class='ocrx_word' id='word_1_201' title='bbox 1568 2863 1672 2903; x_wconf 88' lang='lat' dir='ltr'><strong>seu</strong></span> <span class='ocrx_word' id='word_1_202' title='bbox 1696 2841 1854 2902; x_wconf 89' lang='lat' dir='ltr'><strong>Lada</strong></span> <span class='ocrx_word' id='word_1_203' title='bbox 1885 2842 2171 2920; x_wconf 86' lang='lat' dir='ltr'><strong>barekor,</strong></span> <span class='ocrx_word' id='word_1_204' title='bbox 2212 2845 2279 2903; x_wconf 89' lang='lat' dir='ltr'><strong>in</strong></span> <span class='ocrx_word' id='word_1_205' title='bbox 2315 2845 2533 2906; x_wconf 85' lang='lat' dir='ltr'><strong>India</strong></span> <span class='ocrx_word' id='word_1_206' title='bbox 2569 2865 2680 2924; x_wconf 90' lang='lat' dir='ltr'><strong>ge·</strong></span> 
     </span>
     <span class='ocr_line' id='line_1_25' title="bbox 536 2944 2680 3029; baseline 0 -21"><span class='ocrx_word' id='word_1_207' title='bbox 536 2948 864 3009; x_wconf 72' lang='lat' dir='ltr'><strong>notatim</strong></span> <span class='ocrx_word' id='word_1_208' title='bbox 925 2946 1172 3020; x_wconf 86' lang='lat' dir='ltr'><strong>Quabeb</strong></span> <span class='ocrx_word' id='word_1_209' title='bbox 1190 2991 1209 3021; x_wconf 92' lang='lat'><strong>,</strong></span> <span class='ocrx_word' id='word_1_210' title='bbox 1267 2946 1501 3005; x_wconf 89' lang='lat' dir='ltr'><strong>Cumuc</strong></span> <span class='ocrx_word' id='word_1_211' title='bbox 1517 2991 1536 3021; x_wconf 93' lang='lat'><strong>,</strong></span> <span class='ocrx_word' id='word_1_212' title='bbox 1599 2946 1928 3006; x_wconf 84' lang='lat' dir='ltr'><strong>Cubabsini</strong></span> <span class='ocrx_word' id='word_1_213' title='bbox 1984 2944 2293 3027; x_wconf 86' lang='lat' dir='ltr'><strong>(Cubebae</strong></span> <span class='ocrx_word' id='word_1_214' title='bbox 2351 2947 2680 3029; x_wconf 88' lang='lat' dir='ltr'><strong>Sinenses),</strong></span> 
     </span>
     <span class='ocr_line' id='line_1_26' title="bbox 540 3047 2678 3130; baseline -0 -18"><span class='ocrx_word' id='word_1_215' title='bbox 540 3050 1146 3130; x_wconf 87' lang='lat' dir='ltr'><strong>Philippinarum</strong></span> <span class='ocrx_word' id='word_1_216' title='bbox 1177 3049 1682 3110; x_wconf 82' lang='lat' dir='ltr'><strong>autochthonibus</strong></span> <span class='ocrx_word' id='word_1_217' title='bbox 1711 3048 1932 3128; x_wconf 91' lang='lat' dir='ltr'><strong>Naple,</strong></span> <span class='ocrx_word' id='word_1_218' title='bbox 1957 3047 2285 3128; x_wconf 87' lang='lat' dir='ltr'><strong>Dalchupo,</strong></span> <span class='ocrx_word' id='word_1_219' title='bbox 2311 3049 2678 3128; x_wconf 80' lang='lat' dir='ltr'><strong>Boymbum,</strong></span> 
     </span>
     <span class='ocr_line' id='line_1_27' title="bbox 538 3151 2682 3230; baseline 0 -16"><span class='ocrx_word' id='word_1_220' title='bbox 538 3155 580 3215; x_wconf 88' lang='lat' dir='ltr'><strong>i.</strong></span> <span class='ocrx_word' id='word_1_221' title='bbox 616 3175 669 3214; x_wconf 89' lang='lat' dir='ltr'><strong>e.</strong></span> <span class='ocrx_word' id='word_1_222' title='bbox 703 3154 908 3215; x_wconf 90' lang='lat' dir='ltr'><strong>Betele</strong></span> <span class='ocrx_word' id='word_1_223' title='bbox 941 3154 1285 3229; x_wconf 82' lang='lat' dir='ltr'><strong>corvinum,</strong></span> <span class='ocrx_word' id='word_1_224' title='bbox 1320 3172 1654 3214; x_wconf 85' lang='lat' dir='ltr'><strong>sermone</strong></span> <span class='ocrx_word' id='word_1_225' title='bbox 1700 3152 2139 3214; x_wconf 88' lang='lat' dir='ltr'><strong>sanseritico</strong></span> <span class='ocrx_word' id='word_1_226' title='bbox 2183 3151 2507 3230; x_wconf 88' lang='lat' dir='ltr'><strong>Sugandha</strong></span> <span class='ocrx_word' id='word_1_227' title='bbox 2555 3173 2682 3214; x_wconf 87' lang='lat' dir='ltr'><strong>ma·</strong></span> 
     </span>
     <span class='ocr_line' id='line_1_28' title="bbox 537 3255 1117 3336; baseline -0.005 -17"><span class='ocrx_word' id='word_1_228' title='bbox 537 3257 720 3319; x_wconf 88' lang='lat' dir='ltr'><strong>richu</strong></span> <span class='ocrx_word' id='word_1_229' title='bbox 760 3255 1117 3336; x_wconf 87' lang='lat' dir='ltr'><strong>appellatur.</strong></span> 
     </span>
    </p>
   </div>
   <div class='ocr_carea' id='block_1_3' title="bbox 530 3387 2767 4438">
    <p class='ocr_par' dir='ltr' id='par_1_5' title="bbox 530 3387 2767 3820">
     <span class='ocr_line' id='line_1_29' title="bbox 609 3387 2682 3469; baseline -0.001 -17"><span class='ocrx_word' id='word_1_230' title='bbox 609 3396 986 3453; x_wconf 84' lang='lat' dir='ltr'><strong>Observatio.</strong></span> <span class='ocrx_word' id='word_1_231' title='bbox 1063 3396 1245 3450; x_wconf 84' lang='lat' dir='ltr'><strong>Planta</strong></span> <span class='ocrx_word' id='word_1_232' title='bbox 1296 3394 1446 3463; x_wconf 86' lang='lat' dir='ltr'><strong>haec,</strong></span> <span class='ocrx_word' id='word_1_233' title='bbox 1472 3455 1476 3459; x_wconf 50' lang='grc'><strong>,</strong></span> <span class='ocrx_word' id='word_1_234' title='bbox 1499 3413 1630 3469; x_wconf 84' lang='lat' dir='ltr'><strong>quae</strong></span> <span class='ocrx_word' id='word_1_235' title='bbox 1662 3393 1878 3449; x_wconf 85' lang='lat' dir='ltr'><strong>baccas</strong></span> <span class='ocrx_word' id='word_1_236' title='bbox 1911 3387 2294 3448; x_wconf 88' lang='lat' dir='ltr'><strong>Cubebarum</strong></span> <span class='ocrx_word' id='word_1_237' title='bbox 2323 3392 2426 3450; x_wconf 81' lang='lat' dir='ltr'><strong>off.</strong></span> <span class='ocrx_word' id='word_1_238' title='bbox 2458 3393 2682 3468; x_wconf 84' lang='lat' dir='ltr'><strong>largitur</strong></span> 
     </span>
     <span class='ocr_line' id='line_1_30' title="bbox 533 3480 2684 3558; baseline -0 -18"><span class='ocrx_word' id='word_1_239' title='bbox 533 3506 565 3540; x_wconf 89' lang='lat' dir='ltr'><strong>a</strong></span> <span class='ocrx_word' id='word_1_240' title='bbox 596 3499 828 3539; x_wconf 72' lang='grc' dir='ltr'><strong>ιΙΝΝΑΕο</strong></span> <span class='ocrx_word' id='word_1_241' title='bbox 860 3480 956 3541; x_wconf 84' lang='lat' dir='ltr'><strong>fil.</strong></span> <span class='ocrx_word' id='word_1_242' title='bbox 1003 3486 1042 3540; x_wconf 89' lang='lat' dir='ltr'><strong>l.</strong></span> <span class='ocrx_word' id='word_1_243' title='bbox 1067 3504 1113 3541; x_wconf 93' lang='lat' dir='ltr'><strong>c.</strong></span> <span class='ocrx_word' id='word_1_244' title='bbox 1148 3484 1379 3558; x_wconf 89' lang='lat' dir='ltr'><strong>primum</strong></span> <span class='ocrx_word' id='word_1_245' title='bbox 1408 3483 1532 3537; x_wconf 85' lang='lat' dir='ltr'><strong>bene</strong></span> <span class='ocrx_word' id='word_1_246' title='bbox 1560 3483 1840 3558; x_wconf 81' lang='lat' dir='ltr'><strong>descript-a,</strong></span> <span class='ocrx_word' id='word_1_247' title='bbox 1889 3483 2120 3557; x_wconf 84' lang='lat' dir='ltr'><strong>deinceps</strong></span> <span class='ocrx_word' id='word_1_248' title='bbox 2149 3503 2179 3537; x_wconf 92' lang='lat' dir='ltr'><strong>a</strong></span> <span class='ocrx_word' id='word_1_249' title='bbox 2209 3483 2361 3538; x_wconf 86' lang='lat' dir='ltr'><strong>variis</strong></span> <span class='ocrx_word' id='word_1_250' title='bbox 2389 3483 2684 3539; x_wconf 87' lang='lat' dir='ltr'><strong>auctoribus</strong></span> 
     </span>
     <span class='ocr_line' id='line_1_31' title="bbox 534 3568 2682 3646; baseline -0 -19"><span class='ocrx_word' id='word_1_251' title='bbox 534 3590 655 3627; x_wconf 89' lang='lat' dir='ltr'><strong>cum</strong></span> <span class='ocrx_word' id='word_1_252' title='bbox 706 3571 822 3626; x_wconf 89' lang='lat' dir='ltr'><strong>aliis</strong></span> <span class='ocrx_word' id='word_1_253' title='bbox 871 3572 1126 3646; x_wconf 87' lang='lat' dir='ltr'><strong>speciebus</strong></span> <span class='ocrx_word' id='word_1_254' title='bbox 1155 3568 1362 3624; x_wconf 84' lang='lat' dir='ltr'><strong>confusa</strong></span> <span class='ocrx_word' id='word_1_255' title='bbox 1382 3607 1399 3638; x_wconf 81' lang='lat'>‚</span> <span class='ocrx_word' id='word_1_256' title='bbox 1442 3589 1473 3624; x_wconf 87' lang='lat' dir='ltr'><strong>a</strong></span> <span class='ocrx_word' id='word_1_257' title='bbox 1504 3569 1571 3625; x_wconf 88' lang='lat' dir='ltr'><strong>cl.</strong></span> <span class='ocrx_word' id='word_1_258' title='bbox 1601 3585 1771 3623; x_wconf 66' lang='lat' dir='ltr'><strong>ntum}</strong></span> <span class='ocrx_word' id='word_1_259' title='bbox 1805 3569 1998 3644; x_wconf 86' lang='lat' dir='ltr'><strong>egregie</strong></span> <span class='ocrx_word' id='word_1_260' title='bbox 2025 3568 2265 3624; x_wconf 84' lang='lat' dir='ltr'><strong>extricata</strong></span> <span class='ocrx_word' id='word_1_261' title='bbox 2279 3610 2295 3638; x_wconf 89' lang='lat'><strong>,</strong></span> <span class='ocrx_word' id='word_1_262' title='bbox 2330 3570 2369 3628; x_wconf 92' lang='lat' dir='ltr'><strong>l.</strong></span> <span class='ocrx_word' id='word_1_263' title='bbox 2397 3590 2444 3626; x_wconf 88' lang='lat' dir='ltr'><strong>c.</strong></span> <span class='ocrx_word' id='word_1_264' title='bbox 2471 3590 2502 3626; x_wconf 90' lang='lat' dir='ltr'><strong>a</strong></span> <span class='ocrx_word' id='word_1_265' title='bbox 2537 3571 2682 3626; x_wconf 88' lang='lat' dir='ltr'><strong>nobis</strong></span> 
     </span>
     <span class='ocr_line' id='line_1_32' title="bbox 533 3654 2767 3733; baseline 0.001 -20"><span class='ocrx_word' id='word_1_266' title='bbox 533 3659 647 3713; x_wconf 83' lang='lat' dir='ltr'><strong>fuse</strong></span> <span class='ocrx_word' id='word_1_267' title='bbox 683 3658 929 3733; x_wconf 86' lang='lat' dir='ltr'><strong>descripta</strong></span> <span class='ocrx_word' id='word_1_268' title='bbox 958 3669 1122 3714; x_wconf 80' lang='lat' dir='ltr'><strong>exstat</strong></span> <span class='ocrx_word' id='word_1_269' title='bbox 1161 3658 1217 3712; x_wconf 90' lang='lat' dir='ltr'><strong>in</strong></span> <span class='ocrx_word' id='word_1_270' title='bbox 1267 3657 1463 3732; x_wconf 89' lang='lat' dir='ltr'><strong>proprio</strong></span> <span class='ocrx_word' id='word_1_271' title='bbox 1499 3658 1942 3726; x_wconf 86' lang='lat' dir='ltr'><strong>commentariolo,</strong></span> <span class='ocrx_word' id='word_1_272' title='bbox 1989 3657 2078 3711; x_wconf 89' lang='lat' dir='ltr'><strong>ubi</strong></span> <span class='ocrx_word' id='word_1_273' title='bbox 2123 3658 2235 3731; x_wconf 85' lang='lat' dir='ltr'><strong>ejus</strong></span> <span class='ocrx_word' id='word_1_274' title='bbox 2277 3657 2540 3714; x_wconf 85' lang='lat' dir='ltr'><strong>historiam</strong></span> <span class='ocrx_word' id='word_1_275' title='bbox 2592 3659 2683 3715; x_wconf 85' lang='lat' dir='ltr'><strong>bo-</strong></span> <span class='ocrx_word' id='word_1_276' title='bbox 2763 3654 2767 3658; x_wconf 57' lang='grc'><em>’</em></span> 
     </span>
     <span class='ocr_line' id='line_1_33' title="bbox 530 3744 2302 3820; baseline -0.001 -19"><span class='ocrx_word' id='word_1_277' title='bbox 530 3745 789 3811; x_wconf 81' lang='lat' dir='ltr'><strong>tanicam,</strong></span> <span class='ocrx_word' id='word_1_278' title='bbox 824 3747 1322 3820; x_wconf 83' lang='lat' dir='ltr'><strong>pharmaceuticam‚</strong></span> <span class='ocrx_word' id='word_1_279' title='bbox 1355 3745 1726 3800; x_wconf 87' lang='lat' dir='ltr'><strong>oeconomicam</strong></span> <span class='ocrx_word' id='word_1_280' title='bbox 1753 3746 2029 3818; x_wconf 83' lang='lat' dir='ltr'><strong>expositam</strong></span> <span class='ocrx_word' id='word_1_281' title='bbox 2066 3744 2302 3801; x_wconf 74' lang='lat' dir='ltr'><strong>invenies,</strong></span> 
     </span>
    </p>

    <p class='ocr_par' dir='ltr' id='par_1_6' title="bbox 535 3831 2684 4438">
     <span class='ocr_line' id='line_1_34' title="bbox 608 3831 2684 3910; baseline 0.001 -21"><span class='ocrx_word' id='word_1_282' title='bbox 608 3834 817 3889; x_wconf 90' lang='lat' dir='ltr'><strong>Caulis</strong></span> <span class='ocrx_word' id='word_1_283' title='bbox 869 3834 1093 3910; x_wconf 86' lang='lat' dir='ltr'><strong>lignosus</strong></span> <span class='ocrx_word' id='word_1_284' title='bbox 1140 3834 1410 3888; x_wconf 82' lang='lat' dir='ltr'><strong>fruticosus</strong></span> <span class='ocrx_word' id='word_1_285' title='bbox 1458 3834 1691 3907; x_wconf 88' lang='lat' dir='ltr'><strong>(plantae</strong></span> <span class='ocrx_word' id='word_1_286' title='bbox 1727 3831 1897 3886; x_wconf 87' lang='lat' dir='ltr'><strong>cultae</strong></span> <span class='ocrx_word' id='word_1_287' title='bbox 1930 3832 2225 3888; x_wconf 88' lang='lat' dir='ltr'><strong>arbusculas</strong></span> <span class='ocrx_word' id='word_1_288' title='bbox 2256 3834 2482 3890; x_wconf 85' lang='lat' dir='ltr'><strong>humiles</strong></span> <span class='ocrx_word' id='word_1_289' title='bbox 2508 3834 2684 3892; x_wconf 78' lang='lat' dir='ltr'><strong>sistere</strong></span> 
     </span>
     <span class='ocr_line' id='line_1_35' title="bbox 536 3919 2682 3995; baseline 0.001 -17"><span class='ocrx_word' id='word_1_290' title='bbox 536 3922 795 3994; x_wconf 86' lang='lat' dir='ltr'><strong>videntur)</strong></span> <span class='ocrx_word' id='word_1_291' title='bbox 849 3924 1087 3978; x_wconf 87' lang='lat' dir='ltr'><strong>scandens</strong></span> <span class='ocrx_word' id='word_1_292' title='bbox 1101 3962 1118 3990; x_wconf 86' lang='lat'><strong>,</strong></span> <span class='ocrx_word' id='word_1_293' title='bbox 1175 3932 1303 3976; x_wconf 87' lang='lat' dir='ltr'><strong>teres</strong></span> <span class='ocrx_word' id='word_1_294' title='bbox 1318 3960 1336 3988; x_wconf 78' lang='lat'><strong>,</strong></span> <span class='ocrx_word' id='word_1_295' title='bbox 1390 3919 1702 3995; x_wconf 87' lang='lat' dir='ltr'><strong>epidermide</strong></span> <span class='ocrx_word' id='word_1_296' title='bbox 1746 3919 1924 3992; x_wconf 88' lang='lat' dir='ltr'><strong>glabra</strong></span> <span class='ocrx_word' id='word_1_297' title='bbox 1954 3938 2055 3975; x_wconf 87' lang='lat' dir='ltr'><strong>non</strong></span> <span class='ocrx_word' id='word_1_298' title='bbox 2086 3921 2285 3976; x_wconf 87' lang='lat' dir='ltr'><strong>nitente</strong></span> <span class='ocrx_word' id='word_1_299' title='bbox 2317 3923 2397 3993; x_wconf 90' lang='lat' dir='ltr'><strong>(in</strong></span> <span class='ocrx_word' id='word_1_300' title='bbox 2425 3923 2597 3995; x_wconf 85' lang='lat' dir='ltr'><strong>sicco),</strong></span> <span class='ocrx_word' id='word_1_301' title='bbox 2622 3925 2682 3980; x_wconf 87' lang='lat' dir='ltr'><strong>in</strong></span> 
     </span>
     <span class='ocr_line' id='line_1_36' title="bbox 537 3996 2682 4085; baseline 0.001 -20"><span class='ocrx_word' id='word_1_302' title='bbox 537 4012 774 4067; x_wconf 82' lang='lat' dir='ltr'><strong>inferiore</strong></span> <span class='ocrx_word' id='word_1_303' title='bbox 817 4011 977 4067; x_wconf 83' lang='lat' dir='ltr'><strong>caulis</strong></span> <span class='ocrx_word' id='word_1_304' title='bbox 1023 4020 1170 4085; x_wconf 85' lang='lat' dir='ltr'><strong>parte</strong></span> <span class='ocrx_word' id='word_1_305' title='bbox 1198 4010 1497 4083; x_wconf 74' lang='lat' dir='ltr'><strong>albo-grisea</strong></span> <span class='ocrx_word' id='word_1_306' title='bbox 1527 4019 1624 4064; x_wconf 85' lang='lat' dir='ltr'><strong>aut</strong></span> <span class='ocrx_word' id='word_1_307' title='bbox 1655 3996 2133 4072; x_wconf 76' lang='lat' dir='ltr'><strong>sub&#39;cinnamomea,</strong></span> <span class='ocrx_word' id='word_1_308' title='bbox 2169 4010 2446 4066; x_wconf 84' lang='lat' dir='ltr'><strong>subrimosa</strong></span> <span class='ocrx_word' id='word_1_309' title='bbox 2464 4051 2480 4079; x_wconf 90' lang='lat'><strong>,</strong></span> <span class='ocrx_word' id='word_1_310' title='bbox 2516 4013 2570 4067; x_wconf 90' lang='lat' dir='ltr'><strong>in</strong></span> <span class='ocrx_word' id='word_1_311' title='bbox 2601 4033 2682 4068; x_wconf 90' lang='lat' dir='ltr'><strong>su-</strong></span> 
     </span>
     <span class='ocr_line' id='line_1_37' title="bbox 538 4097 2680 4173; baseline 0 -20"><span class='ocrx_word' id='word_1_312' title='bbox 538 4100 727 4173; x_wconf 86' lang='lat' dir='ltr'><strong>periore</strong></span> <span class='ocrx_word' id='word_1_313' title='bbox 756 4098 946 4172; x_wconf 87' lang='lat' dir='ltr'><strong>pallide</strong></span> <span class='ocrx_word' id='word_1_314' title='bbox 976 4099 1278 4154; x_wconf 79' lang='lat' dir='ltr'><strong>fuscescente</strong></span> <span class='ocrx_word' id='word_1_315' title='bbox 1297 4137 1314 4164; x_wconf 85' lang='lat'><strong>,</strong></span> <span class='ocrx_word' id='word_1_316' title='bbox 1346 4099 1401 4151; x_wconf 88' lang='lat' dir='ltr'><strong>in</strong></span> <span class='ocrx_word' id='word_1_317' title='bbox 1436 4097 1760 4151; x_wconf 87' lang='lat' dir='ltr'><strong>nascentibus</strong></span> <span class='ocrx_word' id='word_1_318' title='bbox 1788 4097 1944 4152; x_wconf 88' lang='lat' dir='ltr'><strong>ramis</strong></span> <span class='ocrx_word' id='word_1_319' title='bbox 1973 4098 2270 4153; x_wconf 82' lang='lat' dir='ltr'><strong>tenuissime</strong></span> <span class='ocrx_word' id='word_1_320' title='bbox 2294 4100 2532 4155; x_wconf 87' lang='lat' dir='ltr'><strong>striatula</strong></span> <span class='ocrx_word' id='word_1_321' title='bbox 2560 4098 2680 4155; x_wconf 72' lang='lat' dir='ltr'><strong>sub-</strong></span> 
     </span>
     <span class='ocr_line' id='line_1_38' title="bbox 537 4184 2684 4260; baseline 0.002 -20"><span class='ocrx_word' id='word_1_322' title='bbox 537 4187 805 4260; x_wconf 84' lang='lat' dir='ltr'><strong>puberula.</strong></span> <span class='ocrx_word' id='word_1_323' title='bbox 877 4188 1049 4240; x_wconf 90' lang='lat' dir='ltr'><strong>Rami</strong></span> <span class='ocrx_word' id='word_1_324' title='bbox 1078 4185 1355 4252; x_wconf 82' lang='lat' dir='ltr'><strong>bifurcati,</strong></span> <span class='ocrx_word' id='word_1_325' title='bbox 1392 4184 1666 4258; x_wconf 88' lang='lat' dir='ltr'><strong>superiores</strong></span> <span class='ocrx_word' id='word_1_326' title='bbox 1697 4190 1730 4240; x_wconf 80' lang='lat'>4</span> <span class='ocrx_word' id='word_1_327' title='bbox 1748 4225 1765 4253; x_wconf 89' lang='lat'><strong>,</strong></span> <span class='ocrx_word' id='word_1_328' title='bbox 1801 4187 2025 4260; x_wconf 87' lang='lat' dir='ltr'><strong>supremi</strong></span> <span class='ocrx_word' id='word_1_329' title='bbox 2053 4191 2088 4241; x_wconf 86' lang='lat'>2</span> <span class='ocrx_word' id='word_1_330' title='bbox 2121 4205 2251 4243; x_wconf 87' lang='lat' dir='ltr'><strong>mm.</strong></span> <span class='ocrx_word' id='word_1_331' title='bbox 2282 4188 2452 4246; x_wconf 88' lang='lat' dir='ltr'><strong>crassi.</strong></span> <span class='ocrx_word' id='word_1_332' title='bbox 2536 4193 2684 4244; x_wconf 85' lang='lat' dir='ltr'><strong>Axes</strong></span> 
     </span>
     <span class='ocr_line' id='line_1_39' title="bbox 535 4271 2683 4347; baseline 0.001 -18"><span class='ocrx_word' id='word_1_333' title='bbox 535 4275 590 4328; x_wconf 86' lang='lat' dir='ltr'><strong>in</strong></span> <span class='ocrx_word' id='word_1_334' title='bbox 645 4285 861 4347; x_wconf 86' lang='lat' dir='ltr'><strong>utraque</strong></span> <span class='ocrx_word' id='word_1_335' title='bbox 904 4273 1226 4329; x_wconf 81' lang='lat' dir='ltr'><strong>extremitate</strong></span> <span class='ocrx_word' id='word_1_336' title='bbox 1258 4271 1553 4339; x_wconf 83' lang='lat' dir='ltr'><strong>incrassati,</strong></span> <span class='ocrx_word' id='word_1_337' title='bbox 1601 4272 1722 4327; x_wconf 87' lang='lat' dir='ltr'><strong>hinc</strong></span> <span class='ocrx_word' id='word_1_338' title='bbox 1750 4275 1880 4328; x_wconf 89' lang='lat' dir='ltr'><strong>rami</strong></span> <span class='ocrx_word' id='word_1_339' title='bbox 1907 4275 2377 4333; x_wconf 86' lang='lat' dir='ltr'><strong>nodoso-articulati</strong></span> <span class='ocrx_word' id='word_1_340' title='bbox 2396 4315 2414 4346; x_wconf 87' lang='lat'>‚</span> <span class='ocrx_word' id='word_1_341' title='bbox 2451 4276 2683 4332; x_wconf 86' lang='lat' dir='ltr'><strong>articulis</strong></span> 
     </span>
     <span class='ocr_line' id='line_1_40' title="bbox 535 4359 2683 4438; baseline 0.003 -22"><span class='ocrx_word' id='word_1_342' title='bbox 535 4361 704 4416; x_wconf 82' lang='lat' dir='ltr'><strong>medio</strong></span> <span class='ocrx_word' id='word_1_343' title='bbox 731 4360 1049 4434; x_wconf 59' lang='lat' dir='ltr'><strong>constrictgsg,</strong></span> <span class='ocrx_word' id='word_1_344' title='bbox 1085 4364 1230 4419; x_wconf 71' lang='lat'><strong>4-6</strong></span> <span class='ocrx_word' id='word_1_345' title='bbox 1258 4371 1393 4418; x_wconf 87' lang='lat' dir='ltr'><strong>cent.</strong></span> <span class='ocrx_word' id='word_1_346' title='bbox 1420 4359 1588 4435; x_wconf 78' lang='lat' dir='ltr'><strong>longi3</strong></span> <span class='ocrx_word' id='word_1_347' title='bbox 1624 4362 1744 4419; x_wconf 87' lang='lat' dir='ltr'><strong>nodi</strong></span> <span class='ocrx_word' id='word_1_348' title='bbox 1775 4365 2084 4438; x_wconf 85' lang='lat' dir='ltr'><strong>superiorum</strong></span> <span class='ocrx_word' id='word_1_349' title='bbox 2119 4383 2380 4422; x_wconf 83' lang='lat' dir='ltr'><strong>ramorum</strong></span> <span class='ocrx_word' id='word_1_350' title='bbox 2409 4369 2446 4420; x_wconf 84' lang='lat'><strong>5</strong></span> <span class='ocrx_word' id='word_1_351' title='bbox 2481 4383 2683 4423; x_wconf 70' lang='lat' dir='ltr'><strong>mm.—</strong></span> 
     </span>
    </p>
   </div>
  </div>
 </body>
</html>
