3153 5134
1341 461 1486 523 339⁴

338 674 488 711 nervo
536 657 704 711 medio
747 657 914 712 valido
956 657 1020 712 ad
1055 660 1088 728 ξ
1123 657 1223 713 alt.
1245 657 1493 732 utrinque
1522 667 1713 713 costam
1741 658 1806 712 ad
1838 660 2032 733 apicem
2063 660 2351 730 tendentem
2380 679 2461 715 ex·

334 754 539 799 serente.
631 744 836 820 Reliqui
885 765 1050 800 versus
1112 746 1360 820 margines
1419 746 1767 801 adscendentes
1828 748 2004 823 ibique
2045 760 2465 804 anastomosantoe

341 835 455 902 (sec.
493 853 564 906 sp.
600 835 711 905 cit.)

420 1011 520 1074 32.
601 1018 835 1087 Piper
858 1015 1366 1072 memilianum.
1409 1011 1481 1072 P.
1508 1013 1835 1092 clypeatam
1861 1013 2151 1073 Wallich!
2179 1036 2251 1075 ex
2274 1027 2460 1096 parte.

338 1114 523 1177 Caule
575 1115 892 1190 fruticoso,
932 1114 1253 1175 scandente
1291 1113 1366 1173 ad
1405 1114 1592 1174 nodos
1623 1114 1963 1191 radicante,
2006 1115 2162 1176 soliis
2197 1117 2460 1178 breviter

339 1218 638 1298 petiolatis
673 1217 1178 1291 membranaceis,
1205 1216 1588 1277 subtilissime
1623 1217 2288 1297 pellucido-punctatis‚
2323 1240 2458 1281 ova·

338 1321 414 1381 tis
427 1366 447 1396 ,
505 1321 630 1382 basi
675 1321 913 1401 aequali
941 1320 1229 1395 cordatis,
1265 1320 1839 1399 subseptemnervis,
1881 1322 2168 1402 utrinque
2198 1323 2459 1402 puberu-

339 1423 449 1500 lis,
488 1425 735 1485 demum
770 1424 1052 1503 glabratis
1086 1432 1146 1483 et
1182 1424 1846 1485 verruculoso·bullatis.

426 1528 724 1589 Habita-t
759 1528 824 1586 in
858 1528 1051 1587 insula
1083 1526 1319 1585 Manilla
1351 1526 1800 1607 (Gaudichaudl
1842 1548 1904 1587 n.
1944 1526 2076 1588 145.
2104 1548 2183 1587 m.
2217 1528 2460 1588 Decem·

346 1633 444 1693 bri
499 1630 657 1692 1836
715 1631 778 1689 in
837 1628 1006 1690 Herb.
1065 1628 1143 1689 de
1194 1627 1394 1708 Less.)‚
1429 1630 1494 1688 in
1528 1629 1825 1710 Singapur
1857 1631 2186 1711 (Wallichl
2229 1631 2368 1691 List.
2401 1651 2461 1691 n.

339 1737 500 1799 6655
536 1734 601 1795 Β.
638 1752 713 1792 ex
743 1730 954 1813 parte.)
1533 1720 1538 1723 ⁴

416 1856 632 1913 Caulis
679 1854 915 1909 scandens
962 1852 1031 1906 ad
1071 1853 1293 1927 singulos
1341 1852 1493 1908 nodos
1535 1853 1762 1908 radicans
1799 1864 1851 1908 et
1879 1853 2204 1909 radicellis
2235 1853 2472 1911 brevibus

340 1946 585 2002 arborum
614 1942 789 1997 cortici
817 1961 868 1996 se
899 1941 1111 2014 infigens
1126 1985 1141 2009 ,
1182 1942 1540 2000 teretiusculus
1557 1981 1573 2009 ,
1609 1941 1791 2015 laevis,
1828 1941 2024 2017 glaber,
2059 1944 2298 2015 striatas,
2330 1943 2471 1998 haud

343 2034 579 2090 multum
610 2032 891 2097 flexuosus,
929 2029 1222 2084 internodiis
1248 2035 1426 2104 2—23‘1
1453 2040 1582 2084 cent.
1617 2031 1778 2106 longis
1794 2072 1811 2101 ,
1851 2032 1995 2087 nodis
2023 2052 2209 2106 parum
2238 2031 2473 2090 tumidis.

339 2122 513 2179 Folia
541 2119 766 2189 alterna,
799 2116 1129 2187 subdisticha,
1158 2116 1411 2190 petiolis
1441 2116 1701 2186 brevibuS‚
1722 2124 1864 2175 2—3
1878 2140 2007 2175 mm.
2022 2120 2217 2194 longis,
2245 2119 2465 2194 glabris,

342 2210 590 2277 curvatis,
629 2208 794 2263 antioc
821 2206 1064 2281 profunde
1093 2203 1472 2273 canaliculatis,
1511 2206 1831 2279 marginibus
1856 2206 2475 2261 membranaceo-acutatis

342 2308 568 2354 sustenta
587 2341 602 2367 ‚
648 2297 857 2371 juniora
900 2293 1191 2349 tenuissime
1219 2292 1599 2349 membranacea
1613 2337 1630 2366 ,
1671 2295 1850 2350 adulta
1882 2295 2056 2369 paullo
2084 2295 2345 2366 crassiora,
2386 2295 2476 2350 ob-

350 2386 639 2441 soletissime
665 2383 1182 2458 pellucido-punctam
1197 2422 1214 2451 ,
1240 2392 1383 2435 ovata
1399 2421 1416 2450 ,
1456 2382 1764 2456 aequilatera
1779 2427 1797 2455 ,
1828 2382 1937 2437 basi
1971 2382 2347 2457 subaequaliter
2373 2401 2479 2438 cor-

343 2474 464 2529 data
482 2512 500 2536 ,
547 2473 678 2528 lobis
722 2470 1009 2527 rotundatis
1040 2468 1427 2524 conniventibus
1440 2510 1458 2538 ,
1495 2470 1636 2542 apice
1656 2480 1817 2524 acuta
1833 2509 1851 2538 ,
1885 2470 2205 2543 marginibus
2233 2471 2480 2527 levissime

345 2561 574 2617 revoluta
587 2604 603 2630 ,
676 2557 1065 2634 septemnervia,
1117 2575 1282 2623 nervo⁹
1319 2555 1485 2612 medio
1526 2556 1593 2611 ad
1638 2556 1831 2631 apicem
1875 2569 2196 2631 percurrente
2211 2598 2229 2627 ,
2282 2558 2479 2616 infimis

344 2649 627 2705 exilissimis
671 2646 996 2715 basilus-ibus,
1046 2643 1254 2718 reliquis
1299 2644 1717 2699 adscendentibus
1742 2655 1794 2699 et
1826 2644 1882 2699 in
1911 2642 2303 2700 anastomosium'
2331 2667 2479 2704 arcus

347 2735 783 2803 delitoeoentibusg
847 2752 1019 2788 omnes
1080 2730 1258 2785 leviter
1306 2730 1625 2804 prominuli3
1673 2733 2063 2788 anastomosium
2099 2753 2236 2788 areae
2268 2737 2480 2810 majores

350 2824 787 2900 quadrilaterales,
830 2834 974 2877 extus
1003 2838 1268 2887 convexae,
1311 2818 1539 2892 aliaeque
1567 2818 1797 2872 minores.
1871 2823 1903 2874 J
1907 2819 2086 2874 uniora
2124 2822 2366 2896 utrinque
2397 2824 2478 2878 in·

349 2916 528 2990 primis
556 2932 727 2970 versus
755 2911 1038 2988 marginem
1068 2907 1397 2964 subtilissime
1429 2917 1481 2960 et
1513 2905 1812 2980 sparsissime
1838 2906 2082 2979 puberula
2100 2949 2116 2977 ,
2165 2908 2483 2993 marginibus

347 3001 667 3058 subciiiolata
680 3042 697 3069 ,
727 3001 857 3056 laete
885 2997 1093 3065 viridia,
1130 2996 1309 3052 subtus
1336 2994 1606 3068 pallidiora
1634 3005 1686 3049 et
1720 2994 1816 3048 sub
1849 2994 1986 3049 lente
2000 2996 2329 3052 subtilissime
2342 2998 2483 3053 albo·

346 3090 656 3165 punctulata
673 3128 689 3156 ‚
741 3088 1014 3143 vetustiora
1057 3085 1281 3140 decolora
1296 3125 1312 3153 ,
1360 3081 1535 3155 glabra
1549 3124 1566 3153 ,
1607 3080 2114 3150 bullum-verrucosa,
2150 3083 2272 3138 haec
2300 3090 2479 3159 5-ὄῇ

344 3189 475 3233 cent.
520 3178 702 3251 longa,
758 3181 791 3231 4
835 3176 945 3230 lata
993 3184 1046 3229 et
1092 3173 1305 3242 latiora,
1359 3172 1453 3227 illa
1499 3175 1570 3241 43-
1616 3169 1793 3242 longa,
1836 3174 1907 3242 3:¹5
1941 3179 2072 3224 cent.
2106 3170 2213 3225 lata
2253 3174 2369 3244 (sec.
2400 3193 2471 3248 sp.

349 3266 446 3321 nh.
475 3268 547 3320 De
577 3266 729 3336 Less.)
799 3263 935 3318 Folia
965 3282 1046 3337 sp.
1077 3260 1491 3317 Wallichiani
1520 3258 1697 3333 paullo
1721 3257 1884 3334 magis
1910 3259 2140 3315 coriacea.

435 3440 532 3500 33.
614 3446 849 3515 Piper
886 3441 1212 3499 «lubitum.
1293 3437 1477 3498 Caulo
1511 3436 1798 3497 fruticoso
1831 3436 2150 3498 scandente
2182 3438 2258 3498 ad
2290 3439 2476 3500 nodos

355 3544 657 3604 radicante
676 3590 694 3621 ,
766 3542 925 3603 foliis
994 3541 1287 3620 petiolatis
1357 3541 1753 3601 subcoriaceis
1807 3539 2471 3621 pellucido-punctatis,

355 3646 572 3721 oratis,
612 3646 1025 3725 aequilateris,
1058 3645 1182 3704 basi
1217 3644 1456 3723 aequali
1490 3644 1776 3718 cordatis,
1806 3645 2158 3704 acuminatis
2187 3646 2472 3725 subquin-

355 3768 502 3829 que·
551 3749 648 3808 vel
697 3749 1148 3827 septemnerviis
1198 3748 1551 3827 costatisque
1569 3793 1587 3821 ,
1644 3766 1821 3826 supra
1853 3746 2073 3825 glabris
2098 3756 2160 3806 et
2193 3768 2475 3811 verrucu-

358 3851 527 3926 losiS‚
588 3852 797 3912 subtus
847 3850 1118 3929 pallidis,
1174 3852 1397 3930 petiolo
1430 3870 1738 3929 nervoque
1772 3849 1970 3910 medio
2005 3850 2220 3927 dense,
2262 3873 2479 3914 nervu-

360 3954 556 4035 lisque
591 3955 806 4014 leviter
840 3954 1111 4013 hii-tellis.

438 4055 732 4115 Habitat
766 4055 829 4114 in
864 4054 1060 4114 insula
1099 4055 1372 4114 Bourbon
1412 4053 1765 4133 (Perrottetl
1811 4055 1872 4113 in
1910 4055 2079 4113 Herb.
2118 4055 2199 4113 De
2234 4054 2410 4137 Less.)

421 4178 645 4234 Caulis
708 4179 948 4233 scandens
989 4177 1394 4252 glabr-insenius,
1448 4176 1750 4245 striuJatus,
1800 4179 2483 4252 compresso-teretiusculus,

350 4267 405 4320 in
458 4267 584 4322 sicco
629 4267 825 4341 pallide
868 4266 1040 4321 fuscus
1059 4305 1075 4333 ‚
1124 4265 1189 4320 ad
1234 4264 1384 4318 nodos
1418 4283 1604 4338 parum
1638 4265 1857 4319 tumidos
1882 4265 2110 4320 radicans
2124 4304 2142 4333 ‚
2176 4267 2412 4324 scandens
2438 4280 2490 4325 et

355 4354 505 4426 juxta
552 4356 792 4412 arborum
839 4365 1048 4410 tmncoe
1091 4371 1404 4428 proserpens3
1471 4352 1753 4407 internodia
1795 4372 2003 4427 parum,
2041 4354 2290 4426 flexuosa,
2343 4361 2489 4414 2-»3

360 4454 490 4497 cent.
529 4443 696 4518 longa.
770 4443 940 4499 Folia
972 4443 1172 4499 alterna
1217 4440 1559 4511 subdisticba,
1598 4441 1849 4514 petiolis
1881 4443 2219 4498 teretiuseulis
2250 4445 2494 4503 subcanc-

2132 4539 2181 4576 22
2199 4546 2221 4572 t
