3153 5134
1488 378 1568 438 77

463 586 623 642 ovatis
670 582 978 656 oblongisve,
1029 581 1215 656 glabris
1259 582 1336 636 vel
1386 581 2003 655 vmuculowpunctatis,
2048 581 2337 655 stigmate
2378 580 2432 637 in
2468 578 2611 656 apice

459 674 540 728 vel
571 671 746 747 paullo
777 669 1034 743 obliquius
1060 670 1125 723 ad
1155 669 1349 743 apicem
1378 670 1591 737 inserto,
1627 669 1943 743 penicillato,
1976 669 2176 724 ambitu
2201 668 2499 743 subgloboso
2523 668 2608 724 vel

457 759 713 833 elongato,
751 755 999 830 penicillis
1034 754 1378 830 piliformibus
1416 756 1608 810 obtusis
1646 754 2011 823 albicantibuS,
2055 755 2340 809 articulatis
2375 754 2455 810 vel
2490 753 2609 808 sub-

457 845 804 920 simplicibus,
846 863 964 898 mox
1008 843 1302 898 decoloratis
1315 884 1332 912 ,
1375 843 1599 899 deciduis
1633 854 1686 898 et
1723 844 1781 897 in
1824 843 2131 918 quibusdam
2172 843 2457 898 cicatricem
2498 840 2613 914 plns

457 935 633 989 minus
670 931 916 985 elevatam
956 930 1396 1005 relinquentibus;
1421 931 1622 987 baccis
1656 931 1861 985 remotis
1894 930 1952 984 in
1987 930 2069 984 axi
2102 940 2214 1004 post
2244 928 2610 984 florescentium

458 1041 557 1077 non
596 1021 891 1085 incrassato,
912 1016 1056 1073 facile
1076 1018 1328 1086 deciduis,
1366 1019 1554 1092 glabris
1584 1019 1664 1072 vel
1698 1018 1995 1085 verrucosis,
2033 1016 2131 1072 tere
2173 1017 2418 1084 exsuccis,
2451 1014 2608 1069 ovatis

460 1108 541 1164 vel
576 1106 825 1181 oblongis»,
851 1106 1125 1181 aliquando
1150 1106 1370 1161 breviter
1397 1106 1704 1162 acuminatis
1728 1106 1804 1161 vel
1825 1105 2066 1160 rostratis.
2080 1104 2353 1159 -Herbae
2379 1123 2472 1158 am
2479 1102 2608 1176 phi·

457 1206 636 1271 gae‘ae
671 1194 1019 1261 succulentae,
1060 1194 1410 1249 suffruticosae
1444 1206 1538 1250 aut
1574 1214 1712 1250 mere
1747 1194 2015 1249 herbaceae
2055 1191 2327 1268 aliqnando
2359 1191 2423 1245 ad
2460 1189 2613 1244 nodos

456 1284 763 1349 radicantes,
808 1280 980 1335 foliis
1020 1279 1257 1348 alternis,
1301 1282 1538 1354 oppositis
1582 1283 1662 1336 vel
1704 1280 2041 1350 verticillatis;
2085 1279 2277 1354 glabris
2314 1279 2392 1334 vel
2432 1277 2610 1351 pubes-

455 1373 713 1439 centibus,
741 1368 1053 1435 linearibus,
1076 1367 1397 1437 lanceolatis,
1422 1370 1649 1445 oblongis
1677 1369 2058 1436 orbiculatisve,
2081 1366 2432 1434 discoloribus,
2457 1384 2611 1420 nervo

458 1479 563 1516 uno
597 1459 764 1515 medio
804 1455 1047 1530 utrinque
1084 1456 1308 1509 tenuiter
1338 1458 1571 1513 venuloso
1609 1468 1702 1512 aut
1739 1456 1974 1531 pluribus
2004 1455 2244 1510 tenuibus
2272 1474 2299 1509 e
2331 1454 2436 1509 basi
2471 1472 2607 1527 egre·

453 1546 739 1615 clientibus,
774 1545 830 1598 in
862 1542 995 1597 foliis
1025 1542 1328 1597 succulentis
1355 1543 1472 1617 plus
1501 1544 1731 1599 minusve
1763 1542 2083 1598 absconditis.

545 1714 641 1774 14.
722 1721 1185 1784 repen-omns
1236 1722 1528 1783 exigua.
1612 1713 1971 1792 Micropiper
2003 1712 2150 1789 Miq.
2188 1707 2405 1770 Comm.
2436 1707 2605 1788 phyt.

447 1837 516 1898 p.
536 1816 634 1877 56.
668 1819 858 1898 Piper
889 1815 1139 1876 Blume!
1180 1817 1250 1873 in
1292 1817 1354 1875 V
1346 1817 1464 1876 erh.
1501 1814 1720 1875 Baiae.
1762 1816 2032 1875 Genoots.
2077 1814 2238 1872 Tom.
2257 1813 2373 1874 XI.
2379 1834 2445 1893 p.
2464 1811 2603 1872 232.

458 1919 798 1979 Enumerat.
840 1919 929 1998 pl.
981 1918 1122 1977 Jav.
1160 1918 1318 1995 fasc.
1366 1918 1424 1979 I.
1461 1939 1526 1998 p.
1573 1918 1671 1978 75.
1753 1915 1977 1975 Pusilla
2019 1914 2316 1975 herbacea
2358 1914 2602 1992 glabra,

458 2020 619 2080 foliis
662 2019 910 2081 alternis
953 2018 1254 2098 petiolatis
1294 2019 1899 2080 rotundato-cordatis
1942 2016 2473 2093 renisormibusve,
2514 2018 2606 2075 in-

459 2122 822 2202 tegerrimis,
865 2120 1225 2197 carnosulis,
1282 2120 2205 2200 trinervio·submultiplinerviis
2243 2120 2602 2197 reticulatis,

458 2226 711 2286 amentis
751 2224 1176 2304 pedunculatis
1217 2224 1569 2285 axillaribus
1609 2224 2104 2285 terminalibusve
2141 2223 2447 2300 solitariis,
2493 2223 2605 2282 fili-

459 2326 752 2388 formibus
792 2327 1114 2406 elongatis,
1158 2326 1523 2405 pedunculis
1555 2327 1808 2406 petiolos
1840 2326 1943 2386 vix
1977 2326 2427 2406 superantibus,
2466 2325 2603 2387 bac·

461 2429 547 2488 cis
584 2430 832 2509 oblique
871 2428 1202 2489 rostellatis.

530 2601 689 2653 leon.
726 2597 844 2672 uiq.
880 2600 1165 2652 comment.
1200 2595 1432 2671 phytogr.
1470 2596 1595 2653 Tab.
1632 2601 1704 2652 IX
1737 2597 1828 2672 fig.
1865 2600 1925 2652 1).

436 2829 443 2838 ,
547 2758 849 2818 Habitat
901 2757 968 2815 in
1018 2756 1366 2835 regionibus
1412 2756 1839 2817 excelsioribus
1882 2755 2104 2815 montis
2143 2755 2307 2816 Gede
2352 2757 2419 2815 in
2460 2756 2608 2819 Java

465 2861 690 2937 insula,
725 2860 886 2920 inter
912 2859 1183 2919 lichenes
1211 2860 1363 2920 saxis
1392 2860 1789 2919 adhaerentes
1817 2859 2080 2941 (Blumel
2116 2859 2184 2918 in
2213 2859 2388 2920 Herb.
2415 2860 2607 2940 Lugd.

469 2962 624 3045 Bat.)
666 2973 730 3035 24-
767 2970 917 3024 teste
957 2962 1041 3021 Cl.
1083 2960 1327 3039 Blume,
1368 2982 1443 3024 an
1487 2964 1592 3033 O?

536 3129 759 3185 Herbula
797 3129 933 3183 inter
967 3147 1261 3203 congeneres
1299 3129 1546 3195 minima,
1591 3129 2018 3204 bi·tripollicaris‚
2060 3148 2089 3184 e
2124 3129 2329 3184 radice
2364 3129 2610 3188 fibi-illesa

459 3219 621 3293 grisea
648 3237 802 3293 parva
830 3216 1082 3292 pauculos·
1101 3236 1298 3273 ramos
1327 3218 1411 3272 vix
1438 3218 1717 3274 ramulosos
1744 3219 2006 3286 emittens,
2036 3237 2284 3286 carnosos,
2312 3218 2612 3292 subdiapha·

458 3326 575 3374 nos,
621 3310 834 3361 teretes?
881 3304 1231 3378 glaberrimos,
1270 3307 1611 3375 tenuissimos,
1652 3307 1852 3363 debiles.
1924 3308 2097 3362 Folia
2131 3318 2350 3376 remota,
2386 3308 2607 3376 alterna,

459 3394 727 3469 petiolata,
774 3392 1271 3448 rotundato-cordata
1319 3404 1412 3448 aut
1452 3394 1941 3450 reniformi-cordata
1957 3432 1975 3462 ,
2019 3395 2372 3469 integerrima,
2418 3398 2607 3470 margi·

456 3481 663 3550 nulata,
692 3481 896 3556 glabra,
927 3501 1154 3549 carnosa,
1185 3481 1429 3538 exsiccata
1458 3482 1561 3539 fere
1593 3484 1869 3558 diapbana,
1898 3485 2158 3540 subtiliter
2182 3486 2452 3554 trinervia,
2484 3504 2604 3540 cum

458 3570 683 3625 nervulis
730 3569 927 3625 duobus
965 3567 1281 3624 basilaribus.
1352 3571 1498 3624 Nervi
1534 3590 1710 3626 omnes
1749 3572 1985 3639 flexuosi,
2029 3591 2150 3626 mox
2187 3572 2241 3625 in
2275 3570 2499 3626 ramulos
2534 3582 2609 3627 te-

456 3658 723 3736 nuiaeimos
748 3657 1070 3724 dividuntur,
1098 3656 1319 3711 laminae
1343 3657 1677 3731 peripheriam
1704 3660 1787 3715 vix
1819 3660 2144 3733 attingentes.
2194 3661 2235 3713 Ε
2264 3678 2417 3714 nervo
2440 3659 2606 3714 medio

454 3747 697 3822 utrinque
725 3757 899 3804 tenues
929 3745 1192 3813 oriuntur,
1227 3746 1319 3820 qui
1349 3765 1520 3801 omnes
1546 3747 1681 3802 inter
1710 3766 1761 3801 se
1783 3747 1989 3821 juncti,
2016 3746 2199 3801 folium
2227 3747 2363 3801 lente
2389 3756 2602 3802 auctum

453 3833 711 3908 eleganter
753 3833 1286 3890 reticulato—venusam
1346 3834 1553 3889 sistunt.
1651 3834 1900 3889 Lamina
1944 3854 2066 3889 cum
2114 3834 2295 3908 petiolo
2354 3837 2606 3909 angulum

453 3919 647 3975 format
691 3922 758 3976 ad
799 3923 961 3976 instar
998 3921 1242 3977 foliorum
1282 3921 1592 3995 peltatorum
1606 3960 1623 3988 ,
1673 3922 1920 3997 siquidem
1958 3933 2092 3977 recte
2129 3924 2319 3978 siccum
2358 3925 2608 3999 specimen

453 4007 702 4083 intelligo.
784 4015 917 4065 Haec
954 4015 989 4063 5
1030 4028 1157 4064 mm.
1187 4010 1390 4063 circiter
1425 4009 1598 4083 longa,
1634 4015 1776 4065 5—-6
1806 4009 1926 4066 lata.
1999 4009 2274 4065 Petiolus
2304 4015 2444 4065 4-5
2470 4030 2603 4067 mm.

454 4095 654 4169 longus.
726 4104 986 4153 Amenta
1022 4097 1245 4152 solitaria
1277 4097 1506 4152 axillaria
1539 4108 1593 4152 et
1626 4098 1942 4166 terminalia,
1977 4099 2341 4172 pedunculata,
2378 4099 2491 4171 ped
2503 4119 2605 4153 un·

453 4183 616 4239 culis
644 4186 852 4259 petiolos
882 4185 985 4241 fere
1015 4184 1375 4260 aequantibus,
1410 4186 1695 4255 filiformia,
1723 4187 2040 4254 tenuissima,
2062 4185 2339 4260 diaphana,
2367 4186 2601 4258 gracilia,

454 4280 623 4337 recta,
661 4275 797 4326 1-1
810 4279 843 4339 ff-
880 4282 1013 4328 cent.
1052 4270 1202 4346 longa
1218 4309 1236 4338 ,
1276 4282 1383 4346 post
1416 4274 1784 4328 florescentiam
1816 4273 1960 4329 valde
1992 4274 2243 4346 elongata,
2279 4273 2602 4330 remotissora.

454 4361 517 4413 ln
563 4358 926 4433 speciminibus
972 4360 1297 4428 examinatiS,
1344 4360 1409 4416 ad
1450 4361 1737 4419 inferiorem
1779 4360 1979 4418 rbachis
2012 4380 2242 4419 carnosae
2279 4361 2603 4438 glaberrimae
