3153 5134
1601 361 1732 424 220

591 557 933 614 crassiusculis
966 557 1197 614 convexis
1230 557 2012 630 floccoso-albo-pubescentibus‚
2048 555 2440 630 persistentibus.
2512 561 2739 616 Baccae

580 649 653 719 ,¹3
697 660 827 699 mm.
866 645 1068 720 longae,
1106 638 1286 700 densae
1322 644 1406 700 sed
1443 644 1718 712 discretae,
1754 644 2170 719 obpyramidatae
2201 645 2548 719 irregulariter
2580 656 2736 702 tetra-

583 751 740 806 gonae
784 734 863 788 vel
907 733 1284 808 subtriquetrae
1325 734 1407 788 vel
1429 732 2065 807 obpyratnidawg'lobosae
2082 774 2099 802 .,
2140 733 2316 806 paullo
2354 734 2495 789 infra
2534 735 2730 807 apicem

580 819 811 892 margine
860 821 1094 875 crassiore
1146 820 1340 875 cinctae
1356 860 1373 888 ,
1425 839 1578 892 supra
1626 839 1778 895 quem
1828 829 2400 876 contracto-attenuatae
2446 822 2730 895 apiculatae

580 907 987 980 stigmatibus
1012 919 1287 963 coronatae.
1361 907 1782 980 Pericarpium
1808 916 1976 962 tenue.
2050 912 2263 963 Semen
2291 908 2546 964 conforme
2572 909 2727 984 obpy·

577 992 1127 1050 ramidato-obovatum
1179 994 1650 1068 vel-subglobosum
1701 995 2051 1069 irregulariter
2095 1007 2254 1052 tetra-
2302 997 2384 1052 vel
2432 998 2695 1072 trigonum
2709 1038 2727 1065 ,

573 1079 799 1138 faciebus
841 1083 1260 1152 concaviusculis,
1302 1083 1410 1139 basi
1453 1092 1773 1138 contractum
1786 1122 1802 1150 ,
1849 1085 1989 1155 apice
2028 1083 2136 1139 lato
2176 1085 2397 1140 breviter
2434 1085 2722 1158 apiculam,

571 1169 807 1239 fuscum,
856 1171 1191 1228 subtilissime
1233 1172 1548 1239 areolatum,
1596 1178 1755 1226 testa
1793 1169 2142 1229 suberustacea
2167 1172 2381 1247 fragili,
2408 1172 2725 1228 albumine

573 1256 796 1315 farinoso
824 1259 941 1314 albo
973 1263 1091 1332 (sec.
1125 1279 1200 1334 sp.
1232 1260 1329 1316 Hb.
1363 1263 1435 1314 De
1467 1259 1621 1328 LesS.)

644 1350 739 1418 Sp.
785 1367 960 1403 masc.
1006 1368 1187 1422 supra
1231 1349 1342 1412 eit.
1381 1366 1454 1402 an
1492 1346 1613 1400 huc
1641 1343 2088 1402 referendum&
2163 1345 2375 1401 Caulis
2414 1345 2717 1415 fruticosa-s,

570 1434 755 1489 ramis
812 1434 1105 1509 cylindricis
1144 1455 1249 1490 una
1289 1434 1418 1489 facie
1455 1432 2054 1506 concavo-planiusculis,
2097 1433 2321 1502 nodosiS,
2356 1434 2577 1502 striatiS,
2612 1434 2718 1508 gla-

569 1520 702 1590 bris,
736 1521 1035 1577 internodiis
1063 1526 1209 1576 2—3
1241 1531 1376 1576 cent.
1405 1520 1586 1594 longiS.
1658 1519 1830 1574 Folia
1859 1519 2052 1575 alterna
2082 1521 2521 1595 erecto-patentia,
2553 1522 2721 1577 tenui-

567 1616 649 1663 ter
676 1608 1059 1663 membranacea
1085 1627 1246 1683 quam
1277 1607 1611 1662 subtilissime
1643 1606 2192 1681 pellucido-punctata,
2229 1628 2384 1681 supra
2413 1608 2588 1682 glabra
2616 1609 2720 1663 lae-

567 1694 676 1762 via,
713 1695 904 1763 nitida,
936 1695 1103 1750 nervis
1131 1694 1563 1768 subprominulis,
1593 1693 1776 1748 subtus
1803 1694 2174 1767 glaucescentia
2202 1695 2439 1764 obseura,
2473 1696 2529 1750 in
2557 1697 2722 1752 nervis

567 1781 793 1838 maxime
827 1784 892 1838 ad
930 1782 1075 1838 basin
1114 1783 1318 1838 densius
1351 1781 1913 1854 birtello-pubescentia
1944 1783 2103 1857 inque
2129 1784 2331 1839 venulis
2363 1802 2531 1857 sparse
2562 1783 2719 1857 pube·

565 1871 714 1940 rula,
757 1891 929 1926 versus
965 1871 1222 1945 margines
1264 1871 1529 1945 glabrata,
1575 1870 1896 1945 marginibus
1931 1881 2230 1942 extenuata,
2275 1873 2535 1948 petiolis
2574 1876 2716 1929 4-—5

564 1967 701 2015 cent.
729 1958 895 2032 longis
922 1958 1160 2032 inprimis
1192 1959 1383 2033 postice
1413 1959 1679 2032 puberulis
1712 1979 1867 2034 usque
1901 1960 1967 2015 ad
1997 1961 2230 2016 medium
2266 1963 2510 2038 utrinque
2539 1981 2719 2017 mem·

565 2047 756 2105 brana
793 2046 972 2121 glabra
1007 2049 1224 2102 coriacea
1260 2047 1578 2121 marginibus
1611 2056 1883 2104 ‘extenuata
1912 2058 1966 2104 et
1999 2049 2253 2106 undulata
2283 2051 2436 2107 alatis
2465 2059 2717 2118 sustenta,

565 2134 935 2191 subrotundata
973 2133 1053 2188 vel
1092 2135 1536 2191 ovato—rotundata
1576 2136 1659 2190 vel
1693 2135 2328 2207 subobovatoerotundata,
2374 2139 2485 2195 basi
2521 2137 2721 2212 aequali

566 2224 818 2279 levissime
851 2222 1053 2278 cordata
1067 2262 1085 2292 ,
1121 2222 1254 2278 lobis
1287 2223 1408 2278 latis
1440 2224 1729 2280 rotundatis
1761 2225 2213 2302 subinaequalibus
2243 2225 2379 2281 baud
2399 2245 2719 2300 convetu-gen·-

567 2311 734 2381 tibus,
770 2312 913 2385 apice
939 2312 1163 2367 breviter
1191 2312 1508 2380 acuminata,
1549 2312 1785 2368 acumine
1813 2313 2020 2382 obtuso,
2046 2315 2149 2368 alia
2176 2319 2247 2368 12
2277 2323 2409 2369 cent.
2436 2314 2616 2387 longa,
2645 2318 2719 2368 10

563 2401 696 2470 lata,
748 2401 847 2457 alia
895 2406 968 2457 17
996 2401 1172 2476 longa,
1217 2405 1288 2456 12
1322 2400 1456 2469 lata,
1493 2402 1894 2469 9—11·nervia,
1930 2403 2098 2457 nervis
2129 2402 2312 2458 subtus
2339 2402 2579 2476 inprimis
2611 2421 2718 2457 ver-

567 2510 652 2551 sus
688 2490 830 2555 basin
866 2489 1300 2563 prominentibus,
1336 2490 1503 2544 medio
1537 2489 1603 2544 ad
1638 2489 1833 2562 apicem
1866 2491 2051 2560 ducto,
2085 2491 2405 2547 adstantibus
2435 2491 2500 2546 ad
2528 2491 2718 2563 margi-

567 2598 656 2635 nes
712 2598 863 2655 prope
935 2579 1158 2653 apicem,
1231 2578 1444 2653 reliquis
1501 2578 1686 2632 sensim
1743 2577 2055 2634 brevioribus
2102 2579 2168 2634 ad
2219 2578 2473 2652 margines
2521 2578 2695 2634 finitis
2703 2600 2726 2648 3

570 2688 745 2724 omnes
788 2669 948 2724 latere
986 2669 1229 2724 exteriore
1268 2668 1390 2722 inde
1433 2686 1464 2721 a
1505 2666 1676 2721 medio
1719 2667 1930 2735 ramosi,
1974 2667 2133 2722 ramis
2171 2666 2429 2741 parallelis
2464 2668 2718 2722 arcuatim

567 2757 998 2813 adscendentibus,
1070 2760 1113 2811 E
1145 2776 1299 2812 nervo
1326 2756 1492 2810 medio
1522 2765 1722 2828 praeter
1751 2755 1967 2810 costulas
1999 2764 2179 2811 tenues
2205 2754 2628 2811 subhorizontales
2653 2756 2719 2811 ad

573 2849 606 2916 ξ
643 2844 739 2901 alt.
779 2846 1023 2920 utrinque
1061 2856 1198 2900 costa
1233 2845 1398 2918 major
1442 2843 1609 2899 oritur
1647 2842 1713 2897 ad
1742 2843 1937 2916 apicem
1971 2843 2144 2898 ducta.
2215 2849 2548 2898 Amentum
2579 2843 2721 2899 adest

566 2933 827 3002 solutum,
858 2933 970 3007 ped
982 2953 1058 2988 un
1069 2934 1210 2989 culo
1237 2934 1384 2987 tenui
1407 2931 1691 3007 cylindrico
1716 2931 2010 2986 tenuissime
2034 2931 2285 3005 puberulo
2310 2936 2382 3001 3}
2410 2942 2544 2987 cent.
2568 2932 2721 3006 longo

569 3031 886 3089 sustentum,
938 3027 1008 3077 15
1058 3032 1194 3078 cent.
1239 3022 1447 3095 longum
1499 3019 1906 3088 subssexuosum,
1960 3018 2202 3092 adspectu
2249 3019 2447 3074 sordide
2487 3019 2718 3089 tuscum,

566 3110 987 3178 {informi-teres,
1025 3116 1058 3166 2
1099 3129 1231 3166 mm.
1267 3110 1353 3164 vix
1387 3128 1627 3165 crassum.
1703 3109 1911 3163 Flores
1945 3106 2104 3162 densi.
2175 3111 2466 3161 Bracteae
2496 3106 2719 3162 breviter

565 3196 920 3271 pedicellatae,
950 3197 1193 3270 pedicello
1223 3196 1400 3271 glabro
1425 3197 1572 3252 tenui
1592 3216 1808 3251 vsursum
1839 3196 2133 3261 incrassato,
2167 3194 2304 3266 pelta
2331 3193 2720 3254 membranacea

567 3284 766 3340 sordide
798 3283 967 3353 fusca,
1003 3285 1372 3341 suborbiculari
1406 3283 1609 3360 glabra,
1645 3282 1966 3357 marginibus
2000 3280 2367 3338 subundulata.
2435 3280 2719 3335 Stamina

567 3377 605 3428 2
649 3375 740 3444 (an
782 3381 836 3427 et
876 3371 1036 3443 tria?)
1077 3370 1337 3441 lateralia,
1380 3372 1695 3439 subexserta,
1740 3368 2094 3424 filamentis
2132 3388 2346 3443 superne
2380 3366 2625 3423 teretibus
2659 3368 2715 3421 in

565 3461 694 3518 sicco
737 3460 897 3534 nigris
941 3461 1153 3534 glabris,
1206 3461 1348 3534 apice
1390 3462 1703 3528 incrassatis,
1754 3458 2164 3534 persistentibus3
2223 3457 2500 3512 antheris
2540 3455 2719 3511 erectis

568 3548 765 3606 sordide
794 3548 946 3603 fuscis
978 3550 1163 3617 ovatis,
1199 3548 1308 3604 basi
1338 3549 1631 3617 latioribuS,
1669 3548 1811 3622 apice
1834 3548 2122 3605 connectivo
2150 3546 2283 3600 inter
2309 3545 2502 3601 loculos
2530 3543 2719 3619 promi·

569 3637 697 3692 nulo
724 3636 912 3690 notatis
940 3637 1184 3712 nigroque
1210 3638 1507 3705 maculatiS,
1536 3635 1718 3690 loculis
1745 3637 2037 3691 connectivo
2063 3653 2223 3689 crasso
2251 3633 2494 3708 utrinque
2519 3631 2722 3687 adnatis

568 3724 677 3779 basi
714 3723 877 3798 magis
913 3723 1140 3779 discretis
1171 3734 1225 3779 et
1262 3724 1454 3781 obtusis
1467 3764 1484 3791 ,
1528 3723 1662 3776 rima
1691 3722 1894 3776 laterali
1926 3722 2064 3777 haud
2093 3721 2157 3775 ad
2186 3722 2351 3776 imam
2382 3721 2525 3776 basin
2557 3718 2720 3774 conti·

567 3821 728 3869 nuata
759 3811 970 3885 apertis,
1005 3811 1428 3886 dissepimentosis
1461 3813 1581 3881 (sec.
1613 3828 1688 3881 sp.
1721 3809 1836 3879 eit.)

643 3904 789 3955 Anne
829 3900 951 3955 haec
994 3909 1130 3955 reete
1174 3900 1384 3975 quidem
1429 3897 1533 3951 huc
1580 3895 1853 3951 collocata?
1927 3899 2064 3951 Num
2104 3896 2294 3971 potiore
2321 3897 2444 3971 jure
2482 3914 2599 3951 cum
2640 3914 2724 3969 sp.

569 3986 776 4043 femin.
810 3987 1216 4043 chamissonis
1247 3987 1335 4057 (ad
1365 3989 1429 4039 M.
1461 3982 1755 4056 methyst.
1786 3982 1937 4037 dubie
1965 3983 2147 4056 relato)
2192 3985 2247 4038 in
2280 4005 2438 4040 unam
2466 4003 2498 4038 a
2530 3982 2726 4038 duobus

567 4075 978 4149 praecedentibus
1022 4075 1270 4129 diversam
1312 4071 1527 4143 speciem
1575 4070 1687 4143 conj
1697 4071 1931 4144 ungenda
1978 4071 2073 4139 sit,
2121 4072 2285 4127 denuo
2314 4068 2721 4143 investigandum

567 4163 783 4219 videtur.
855 4169 985 4218 Cum
1021 4161 1251 4237 sequenti
1284 4161 1442 4214 etiam
1478 4158 1636 4233 specie
1665 4178 1950 4233 comparare
1981 4170 2193 4233 oportet.

643 4252 793 4308 Adn.
866 4251 1143 4323 Descriptio
1185 4247 1487 4323 genitalium
1535 4246 1571 4301 l.
1623 4267 1667 4303 c.
1720 4249 1854 4323 apud
1904 4264 2149 4305 cultum,
2196 4257 2398 4302 amenta
2428 4243 2720 4318 hermaphr.

574 4351 897 4413 nuncupans,
936 4357 1136 4412 prorsus
1164 4355 1361 4393 erronea
1394 4336 1610 4392 videtur.
