3153 5134
1627 343 1714 406 80

600 543 673 604 in
711 541 975 603 Jamaica
1007 535 1359 621 (Plumier),
1400 538 1584 599 Bahia
1619 540 1989 621 (Salzmaiml
2033 543 2098 602 in
2133 540 2242 603 Hb.
2280 542 2367 603 De
2417 544 2632 627 Lesa),
2671 549 2738 610 in

601 645 900 706 ruderatis
952 643 1246 703 umbrosis
1317 641 1601 703 Brasiliae
1668 642 1835 704 Prov.
1890 645 2072 705 Ceara
2132 644 2457 727 (Gardner!
2528 647 2734 732 ibid.),

597 749 843 809 Caracas
876 747 1023 807 locis
1058 744 1324 805 humidis
1362 744 1625 823 (Humb.!
1687 745 1751 804 in
1807 746 1916 807 Hb.
1952 746 2221 828 Willd.),
2274 749 2351 808 ad
2397 751 2459 810 ss.
2493 752 2734 813 Amazo-

596 871 750 911 num
784 849 1103 932 (Poeppig!
1148 846 1325 906 3112.
1361 847 1425 906 in
1454 847 1563 908 Hb.
1585 868 1709 926 reg.
1746 847 1931 929 ben),
1966 849 2195 910 Guiana
2233 851 2377 929 gall.
2406 853 2730 934 (Leblonffl

598 954 664 1014 in
700 952 806 1013 Hb.
833 953 919 1013 De
953 948 1166 1030 Lesa),
1207 950 1274 1009 G.
1311 949 1549 1028 anglica
1581 948 1899 1031 (Schomb.!
1938 973 1996 1011 n.
2016 952 2153 1012 939.
2190 953 2252 1012 in
2293 951 2401 1015 Hb.
2438 976 2563 1035 reg.
2582 947 2737 1036 ber.)

590 1056 657 1116 in
693 1052 948 1117 Peruvia
987 1051 1279 1114 sabaudia
1316 1049 1671 1135 (Poeppig!).

658 1260 851 1316 Radix
887 1259 1099 1326 fibrosa,
1135 1258 1283 1314 fibris
1321 1257 1563 1313 tenuibus
1593 1257 1930 1331 fusco-griseis
1959 1258 2165 1314 ramosis
2191 1258 2438 1333 implexis.
2530 1262 2738 1319 Caulis

583 1369 613 1404 e
643 1349 750 1404 basi
773 1367 999 1405 ramosus
1019 1346 1310 1414 herbaceus,
1339 1345 1704 1420 glaberrimus,
1733 1345 1910 1412 laevis,
1947 1355 2102 1413 teres,
2137 1363 2396 1416 succosus,
2429 1347 2736 1422 epidermide

583 1437 748 1493 tenaci
769 1433 1047 1502 obductus,
1084 1443 1254 1488 textus
1285 1444 1520 1488 externus
1549 1443 1690 1488 totus
1712 1433 1816 1487 fere
1841 1433 2137 1501 cellulosus,
2172 1434 2372 1490 cellulis
2404 1437 2734 1511 prismaticis3

578 1523 739 1578 fibrae
758 1536 761 1539 ’
781 1521 1061 1577 vasculanes
1099 1521 1276 1576 molles
1321 1539 1542 1594 sparsae,
1589 1525 1624 1574 2
1671 1522 1900 1576 internae
1935 1522 2302 1595 approximatae
2353 1525 2729 1598 (medullares),

580 1615 616 1665 4
646 1619 890 1664 externae.
963 1608 1136 1663 Rami
1164 1607 1463 1675 dichotomi,
1497 1608 1736 1663 exsiccati
1758 1608 1859 1664 scre
1886 1610 2280 1679 membranacei,
2319 1612 2575 1686 diaphaui.
2648 1619 2732 1670 In·

584 1698 809 1754 tel-nodia
838 1701 979 1752 2-4
1017 1706 1150 1751 cent.
1188 1696 1356 1770 longa.
1429 1695 1556 1750 Nodi
1591 1696 1848 1751 inferiores
1878 1697 2151 1772 aliquando
2190 1699 2488 1757 radicantes.
2560 1703 2732 1759 Folia

579 1785 776 1840 alterna
798 1783 863 1839 ad
882 1782 1262 1852 bifurcationes,
1297 1781 1515 1838 boeviter
1536 1785 1774 1858 petiolata
1801 1797 1893 1841 aut
1918 1786 2017 1841 fere
2041 1787 2252 1855 sessilia,
2279 1788 2462 1844 infima
2489 1790 2726 1858 minima,

575 1872 817 1926 inferiora
845 1875 919 1936 1}
939 1879 1073 1925 cent.
1097 1869 1250 1943 longa
1276 1880 1328 1925 et
1348 1871 1559 1925 totidem
1589 1871 1721 1940 lata,
1757 1873 2258 1943 deltoideo·cordata,
2295 1877 2409 1931 viva
2436 1877 2727 1933 succulenta

579 1957 972 2031 transparentia,
1008 1957 1134 2011 sicca
1160 1958 1453 2013 tenuissime
1474 1960 1884 2028 membranacea,
1913 1961 2191 2036 diaphana,
2216 1962 2548 2036 glaberrima,
2577 1965 2730 2040 quin·

582 2045 878 2120 quenervia,
922 2063 1072 2099 nervo
1106 2045 1275 2100 medio
1311 2046 1415 2101 fere
1465 2058 1786 2116 excurrente,
1831 2049 2029 2104 duobus
2079 2049 2409 2123 superioribus
2454 2051 2730 2124 majoribus

578 2151 736 2206 quam
764 2130 1058 2186 inferiorum
1089 2152 1205 2206 par,
1240 2134 1324 2188 cui
1353 2135 1418 2189 ad
1448 2135 1590 2190 basin
1619 2136 1820 2191 nervuli
1857 2146 2030 2191 tenues
2061 2156 2179 2192 mox
2216 2138 2416 2192 evanidi
2453 2139 2727 2208 accedunt,

577 2239 749 2275 omnes
791 2219 1184 2276 anastomosibus
1220 2222 1415 2294 juncti,
1467 2222 1670 2296 elegans
1718 2233 1821 2277 rete
1863 2223 2158 2279 formantes.
2228 2225 2494 2297 Superiora
2521 2227 2726 2282 omnino

577 2309 762 2364 sessilia
805 2314 838 2364 2
891 2319 1023 2364 cent.
1069 2308 1221 2383 longa
1264 2309 1486 2384 lataque.
1559 2312 1695 2365 Basis
1736 2310 1975 2365 foliorum
2017 2311 2195 2366 leviter
2237 2312 2440 2368 cordata
2457 2352 2476 2382 ,
2523 2324 2693 2369 retusa
2707 2352 2726 2383 ,

580 2407 842 2465 truncata,
879 2416 1001 2470 apex
1031 2395 1248 2451 breviter
1277 2417 1335 2452 ac
1364 2397 1713 2453 obtusiuscule
1751 2399 2096 2469 acuminatus,
2131 2418 2307 2475 margo
2335 2420 2503 2457 versus
2532 2401 2727 2477 apicem

572 2483 1046 2552 eroso—erenulatus3
1083 2483 1215 2539 color
1260 2484 1445 2559 pallide
1490 2485 1664 2540 viridis
1706 2486 1761 2539 in
1800 2487 1985 2560 pagina
2017 2485 2248 2543 inferiore
2278 2488 2531 2562 pallidior.
2600 2493 2728 2547 Tota

575 2572 682 2628 fere
694 2582 841 2627 textu
869 2571 1108 2627 celluloso
1134 2572 1451 2639 formantur,
1486 2582 1632 2627 extus
1658 2573 1852 2628 cellulis
1872 2575 2084 2650 amplis,
2108 2574 2398 2651 hexagonis,
2433 2579 2723 2649 unisti-atis,

575 2679 687 2716 rara
715 2669 933 2716 stomata
962 2660 1027 2714 ad
1055 2658 1266 2732 angulos
1296 2658 1628 2730 cellularum,
1669 2660 1885 2716 cellulae
1916 2671 2080 2717 stoma
2116 2662 2399 2719 ambientes
2439 2663 2600 2721 forma
2627 2666 2724 2723 ali·

571 2758 830 2825 quantum
859 2768 890 2803 a
919 2747 1128 2821 reliquis
1159 2745 1422 2802 differunt.
1456 2751 1731 2803 Stomata
1767 2748 1966 2805 duabus
1995 2749 2285 2806 minoribus
2303 2751 2502 2808 cellulis
2515 2755 2727 2810 materie

572 2836 839 2912 granulosa
879 2835 1081 2910 repletis
1125 2845 1516 2907 componuntur.
1567 2838 1791 2892 Interius
1816 2837 1927 2892 folii
1950 2838 2293 2914 parenchyma
2314 2840 2446 2894 inter
2466 2842 2724 2915 majorum

576 2922 884 2979 cellularum
920 2931 1081 2976 strata
1117 2929 1313 2976 constat
1348 2921 1548 2977 cellulis
1579 2934 1758 2999 quater
1797 2925 2106 2995 minoribus,
2145 2927 2534 3001 quadrangulis,
2572 2930 2724 3006 quin-

568 3010 867 3088 quangulis,
910 3009 1230 3083 hexangulis,
1267 3019 1319 3064 et
1352 3010 1592 3067 omnibus
1629 3013 1707 3084 (in
1747 3014 2020 3088 specimine
2056 3014 2111 3069 in
2143 3015 2329 3088 spiritu
2365 3016 2472 3070 vini
2504 3020 2719 3088 servato)

572 3099 721 3156 valde
754 3095 1044 3171 pellucidis,
1080 3096 1201 3150 adeo
1234 3106 1297 3150 ut
1332 3097 1601 3166 vesiculae,
1636 3100 1692 3153 in
1725 3100 1901 3175 quavis
1931 3100 2151 3156 inclusae
2187 3119 2335 3155 cavae
2364 3100 2715 3174 subglobosae,

571 3188 750 3252 binae,
783 3194 979 3250 ternae,
1015 3194 1313 3258 quaternae,
1343 3186 1550 3259 quinae,
1587 3187 1721 3241 inter
1741 3206 1793 3241 se
1817 3187 1982 3241 medio
2003 3186 2312 3241 cohaerentes
2331 3196 2386 3240 et
2409 3188 2476 3241 ad
2500 3187 2715 3243 cellulae

518 3262 535 3270 Α
576 3274 819 3350 parietem
843 3290 945 3326 non
972 3270 1313 3345 pertingentes
1336 3271 1486 3327 facile
1516 3274 1910 3348 conspiciantur;
1945 3291 2077 3347 aqua
2105 3272 2360 3327 bulliente
2383 3292 2486 3329 non
2511 3274 2718 3332 solvun-

570 3375 662 3419 tur
702 3379 795 3415 nee
839 3359 970 3416 iodio
1010 3360 1301 3433 tinguntur.
1382 3364 1527 3414 Vasa
1569 3360 1770 3433 spiralia
1814 3370 1938 3414 sunt
1983 3359 2062 3413 vel
2110 3359 2374 3415 annulata.
2456 3367 2717 3420 Amenta

574 3450 802 3507 axillaria
826 3468 854 3504 e
875 3430 1119 3504 foliorum
1134 3467 1491 3522 ramorumque
1512 3448 1699 3514 axillis,
1718 3446 2087 3514 terminaliave,
2116 3446 2335 3503 breviter
2350 3447 2721 3523 pedunculata,

575 3537 708 3594 foliis
734 3536 892 3611 duplo
919 3535 1135 3610 triplove
1162 3533 1386 3608 longiora
1413 3533 1702 3601 filiformia‚
1731 3543 1917 3602 erecta,
1948 3534 2165 3589 durante
2186 3535 2501 3592 florescentia
2527 3548 2581 3593 et
2605 3550 2720 3615 post

574 3624 966 3697 camelongata,
988 3628 1127 3678 2-5
1153 3630 1285 3676 cent.
1308 3620 1473 3693 longa.
1541 3620 1750 3675 Flores
1773 3618 2008 3690 conferti,
2031 3622 2263 3678 deflorati
2282 3624 2479 3682 remoti.
2549 3630 2719 3685 Brae-

567 3724 699 3768 teae
752 3712 926 3787 paullo
977 3729 1127 3785 supra
1180 3708 1322 3764 basin
1374 3706 1620 3781 peltatae,
1672 3708 1784 3762 laxe
1839 3708 2132 3777 cellulosae,
2178 3709 2443 3786 oblongae,
2481 3713 2715 3789 obtusae,

570 3799 920 3876 glaberrimae.
1016 3797 1296 3852 Stamina
1353 3796 1479 3862 duo,
1544 3793 1827 3849 filamentis
1879 3795 2142 3864 brevibus,
2218 3799 2414 3867 crassis,
2478 3799 2717 3874 cylindri·

568 3890 665 3957 cis,
719 3887 994 3941 antheris
1043 3882 1519 3958 oblongo-globosiS,
1567 3882 1680 3937 laxe
1735 3882 2013 3951 cellulosis,
2076 3884 2229 3940 saccis
2276 3885 2499 3960 oblongis
2552 3888 2717 3942 antice

564 3976 845 4041 distinctis,
888 3973 1108 4028 faciebus
1143 3972 1310 4046 planis
1349 3970 1443 4025 sibi
1486 3970 1928 4041 accumbentibus,
1972 3973 2157 4048 poetice
2201 3973 2294 4028 ubi
2330 3974 2596 4030 filamento
2624 3975 2714 4029 ad-

572 4066 798 4130 haerent,
838 4059 1227 4118 confluentibus.
1298 4059 1610 4114 Antherae
1646 4069 1879 4115 maturae
1909 4060 2120 4117 effoetae
2157 4063 2307 4117 saccis
2341 4061 2716 4118 confluentibus

572 4153 783 4208 demum
812 4147 1149 4221 subglobosae.
1199 4145 1488 4202 Ovarium
1512 4146 2119 4221 oblongo-cylindricum,
2140 4148 2466 4215 cellulosum,
2490 4147 2715 4221 stigma

572 4241 627 4295 in
671 4241 782 4314 ejus
826 4236 964 4311 apice
1000 4234 1386 4310 subglobosum,
1420 4235 1798 4308 penicillatum,
1835 4234 1954 4309 pilis
1984 4235 2200 4308 singulis
2228 4237 2284 4288 in
2314 4234 2441 4289 sicco
2471 4234 2622 4291 fuscis
2653 4257 2713 4294 ex

576 4309 830 4402 aliquibus
870 4324 1070 4381 cellulis
1112 4322 1402 4397 cylindricis
1438 4323 1678 4382 formatis.
1749 4324 1996 4380 Ovarium
2035 4331 2203 4377 totum
2249 4321 2350 4378 sere
2380 4322 2477 4379 sub
2515 4323 2715 4383 bractea
