<?xml version="1.0" encoding="UTF-8"?>
<!DOCTYPE html PUBLIC "-//W3C//DTD XHTML 1.0 Transitional//EN"
    "http://www.w3.org/TR/xhtml1/DTD/xhtml1-transitional.dtd">
<html xmlns="http://www.w3.org/1999/xhtml" xml:lang="en" lang="en">
 <head>
  <title>
</title>
<meta http-equiv="Content-Type" content="text/html;charset=utf-8" />
  <meta name='ocr-system' content='tesseract 3.04.00' />
  <meta name='ocr-capabilities' content='ocr_page ocr_carea ocr_par ocr_line ocrx_word'/>
</head>
<body>
  <div class='ocr_page' id='page_1' title='image "./systemapiperace00migugoog_0044.png"; bbox 0 0 3153 5134; ppageno 0'>
   <div class='ocr_carea' id='block_1_1' title="bbox 1657 360 1746 426">
    <p class='ocr_par' dir='ltr' id='par_1_1' title="bbox 1657 360 1746 426">
     <span class='ocr_line' id='line_1_1' title="bbox 1657 360 1746 426; baseline -0.022 0"><span class='ocrx_word' id='word_1_1' title='bbox 1657 360 1746 426; x_wconf 77' lang='lat'><strong>30</strong></span> 
     </span>
    </p>
   </div>
   <div class='ocr_carea' id='block_1_2' title="bbox 514 562 2756 2218">
    <p class='ocr_par' dir='ltr' id='par_1_2' title="bbox 611 562 2756 1980">
     <span class='ocr_line' id='line_1_2' title="bbox 622 562 2755 657; baseline 0.003 -21"><span class='ocrx_word' id='word_1_2' title='bbox 622 580 795 636; x_wconf 85' lang='lat' dir='ltr'><strong>sunt.</strong></span> <span class='ocrx_word' id='word_1_3' title='bbox 872 565 1252 633; x_wconf 82' lang='lat' dir='ltr'><strong>Albumen</strong></span> <span class='ocrx_word' id='word_1_4' title='bbox 1282 565 1488 632; x_wconf 85' lang='lat' dir='ltr'><strong>variae</strong></span> <span class='ocrx_word' id='word_1_5' title='bbox 1517 562 1873 657; x_wconf 76' lang='lat' dir='ltr'><strong>compagis,</strong></span> <span class='ocrx_word' id='word_1_6' title='bbox 1906 565 2292 651; x_wconf 66' lang='lat' dir='ltr'><strong>ferinosum3</strong></span> <span class='ocrx_word' id='word_1_7' title='bbox 2324 566 2755 642; x_wconf 74' lang='lat' dir='ltr'><strong>subcorneum</strong></span> 
     </span>
     <span class='ocr_line' id='line_1_3' title="bbox 620 684 2756 782; baseline 0.004 -29"><span class='ocrx_word' id='word_1_8' title='bbox 620 687 1003 778; x_wconf 81' lang='lat' dir='ltr'><strong>plerumque</strong></span> <span class='ocrx_word' id='word_1_9' title='bbox 1043 684 1321 754; x_wconf 85' lang='lat' dir='ltr'><strong>solidum</strong></span> <span class='ocrx_word' id='word_1_10' title='bbox 1369 685 1718 776; x_wconf 86' lang='lat' dir='ltr'><strong>aliquando</strong></span> <span class='ocrx_word' id='word_1_11' title='bbox 1775 709 2001 756; x_wconf 87' lang='lat' dir='ltr'><strong>cavum</strong></span> <span class='ocrx_word' id='word_1_12' title='bbox 2024 739 2042 766; x_wconf 88' lang='lat'>‚</span> <span class='ocrx_word' id='word_1_13' title='bbox 2095 690 2315 782; x_wconf 79' lang='lat' dir='ltr'><strong>amylo</strong></span> <span class='ocrx_word' id='word_1_14' title='bbox 2357 684 2639 761; x_wconf 73' lang='lat' dir='ltr'><strong>farctum</strong></span> <span class='ocrx_word' id='word_1_15' title='bbox 2690 707 2756 762; x_wconf 85' lang='lat' dir='ltr'><strong>et</strong></span> 
     </span>
     <span class='ocr_line' id='line_1_4' title="bbox 619 805 2754 902; baseline 0.004 -27"><span class='ocrx_word' id='word_1_16' title='bbox 619 805 877 898; x_wconf 86' lang='lat' dir='ltr'><strong>insuper</strong></span> <span class='ocrx_word' id='word_1_17' title='bbox 919 805 1256 898; x_wconf 72' lang='lat' dir='ltr'><strong>particulas</strong></span> <span class='ocrx_word' id='word_1_18' title='bbox 1305 806 1426 875; x_wconf 87' lang='lat' dir='ltr'><strong>olei</strong></span> <span class='ocrx_word' id='word_1_19' title='bbox 1474 806 1805 874; x_wconf 85' lang='lat' dir='ltr'><strong>aromatici</strong></span> <span class='ocrx_word' id='word_1_20' title='bbox 1852 808 2012 875; x_wconf 87' lang='lat' dir='ltr'><strong>acris</strong></span> <span class='ocrx_word' id='word_1_21' title='bbox 2052 809 2295 877; x_wconf 84' lang='lat' dir='ltr'><strong>fovens.</strong></span> <span class='ocrx_word' id='word_1_22' title='bbox 2375 806 2754 902; x_wconf 67' lang='lat' dir='ltr'><strong>&#39;Aliquando</strong></span> 
     </span>
     <span class='ocr_line' id='line_1_5' title="bbox 614 910 2751 1022; baseline 0.001 -25"><span class='ocrx_word' id='word_1_23' title='bbox 614 927 849 998; x_wconf 82' lang='lat' dir='ltr'><strong>filum</strong></span> <span class='ocrx_word' id='word_1_24' title='bbox 894 926 1158 1007; x_wconf 78' lang='lat' dir='ltr'><strong>album</strong></span> <span class='ocrx_word' id='word_1_25' title='bbox 1196 927 1361 994; x_wconf 87' lang='lat' dir='ltr'><strong>inde</strong></span> <span class='ocrx_word' id='word_1_26' title='bbox 1391 950 1428 992; x_wconf 88' lang='lat' dir='ltr'><strong>a</strong></span> <span class='ocrx_word' id='word_1_27' title='bbox 1466 927 1602 999; x_wconf 82' lang='lat' dir='ltr'><strong>basi</strong></span> <span class='ocrx_word' id='word_1_28' title='bbox 1632 927 1795 994; x_wconf 86' lang='lat' dir='ltr'><strong>sacci</strong></span> <span class='ocrx_word' id='word_1_29' title='bbox 1829 920 2259 1020; x_wconf 82' lang='lat' dir='ltr'><strong>embryonalis</strong></span> <span class='ocrx_word' id='word_1_30' title='bbox 2295 954 2502 1022; x_wconf 86' lang='lat' dir='ltr'><strong>usque</strong></span> <span class='ocrx_word' id='word_1_31' title='bbox 2537 910 2623 999; x_wconf 85' lang='lat' dir='ltr'><strong>ad</strong></span> <span class='ocrx_word' id='word_1_32' title='bbox 2654 955 2751 1000; x_wconf 84' lang='lat' dir='ltr'><strong>se-</strong></span> 
     </span>
     <span class='ocr_line' id='line_1_6' title="bbox 615 1046 2752 1141; baseline 0.002 -27"><span class='ocrx_word' id='word_1_33' title='bbox 615 1046 806 1114; x_wconf 82' lang='lat' dir='ltr'><strong>minis</strong></span> <span class='ocrx_word' id='word_1_34' title='bbox 850 1046 1029 1115; x_wconf 83' lang='lat' dir='ltr'><strong>basin</strong></span> <span class='ocrx_word' id='word_1_35' title='bbox 1075 1047 1380 1126; x_wconf 80' lang='lat' dir='ltr'><strong>albumen</strong></span> <span class='ocrx_word' id='word_1_36' title='bbox 1425 1059 1726 1137; x_wconf 86' lang='lat' dir='ltr'><strong>penetrat</strong></span> <span class='ocrx_word' id='word_1_37' title='bbox 1745 1097 1762 1127; x_wconf 95' lang='lat'>,</span> <span class='ocrx_word' id='word_1_38' title='bbox 1805 1047 2225 1116; x_wconf 64' lang='lat' dir='ltr'><strong>‘verisimiliter</strong></span> <span class='ocrx_word' id='word_1_39' title='bbox 2259 1071 2336 1117; x_wconf 83' lang='lat' dir='ltr'><strong>ex</strong></span> <span class='ocrx_word' id='word_1_40' title='bbox 2379 1051 2752 1141; x_wconf 78' lang='lat' dir='ltr'><strong>persistente</strong></span> 
     </span>
     <span class='ocr_line' id='line_1_7' title="bbox 614 1166 2748 1259; baseline 0.001 -23"><span class='ocrx_word' id='word_1_41' title='bbox 614 1169 770 1236; x_wconf 82' lang='lat' dir='ltr'><strong>serie</strong></span> <span class='ocrx_word' id='word_1_42' title='bbox 814 1169 1190 1240; x_wconf 77' lang='lat' dir='ltr'>cellularum</span> <span class='ocrx_word' id='word_1_43' title='bbox 1240 1167 1412 1237; x_wconf 82' lang='lat' dir='ltr'><strong>evuli</strong></span> <span class='ocrx_word' id='word_1_44' title='bbox 1459 1189 1497 1234; x_wconf 92' lang='lat' dir='ltr'><strong>e</strong></span> <span class='ocrx_word' id='word_1_45' title='bbox 1545 1167 1681 1235; x_wconf 84' lang='lat' dir='ltr'><strong>basi</strong></span> <span class='ocrx_word' id='word_1_46' title='bbox 1716 1167 1930 1235; x_wconf 89' lang='lat' dir='ltr'><strong>nuclei</strong></span> <span class='ocrx_word' id='word_1_47' title='bbox 1969 1191 2171 1259; x_wconf 82' lang='lat' dir='ltr'><strong>usque</strong></span> <span class='ocrx_word' id='word_1_48' title='bbox 2197 1170 2285 1237; x_wconf 65' lang='lat' dir='ltr'><strong>ad</strong></span> <span class='ocrx_word' id='word_1_49' title='bbox 2316 1192 2571 1241; x_wconf 79' lang='lat' dir='ltr'><strong>saccum</strong></span> <span class='ocrx_word' id='word_1_50' title='bbox 2601 1166 2748 1239; x_wconf 85' lang='lat' dir='ltr'><strong>em·-</strong></span> 
     </span>
     <span class='ocr_line' id='line_1_8' title="bbox 615 1281 2747 1380; baseline 0.001 -23"><span class='ocrx_word' id='word_1_51' title='bbox 615 1288 992 1380; x_wconf 81' lang='lat' dir='ltr'><strong>bryonalem</strong></span> <span class='ocrx_word' id='word_1_52' title='bbox 1042 1300 1292 1356; x_wconf 85' lang='lat' dir='ltr'><strong>extensa</strong></span> <span class='ocrx_word' id='word_1_53' title='bbox 1340 1299 1574 1355; x_wconf 84' lang='lat' dir='ltr'><strong>ortum.</strong></span> <span class='ocrx_word' id='word_1_54' title='bbox 1667 1287 1887 1355; x_wconf 89' lang='lat' dir='ltr'><strong>Sacci</strong></span> <span class='ocrx_word' id='word_1_55' title='bbox 1948 1281 2491 1380; x_wconf 80' lang='lat' dir='ltr'><strong>embrycnalis</strong></span> <span class='ocrx_word' id='word_1_56' title='bbox 2538 1284 2747 1365; x_wconf 68' lang='lat' dir='ltr'><strong>fiinna</strong></span> 
     </span>
     <span class='ocr_line' id='line_1_9' title="bbox 615 1405 2746 1503; baseline 0.005 -28"><span class='ocrx_word' id='word_1_57' title='bbox 615 1432 738 1503; x_wconf 80' lang='lat' dir='ltr'><strong>pro</strong></span> <span class='ocrx_word' id='word_1_58' title='bbox 783 1407 967 1478; x_wconf 75' lang='lat' dir='ltr'><strong>variis</strong></span> <span class='ocrx_word' id='word_1_59' title='bbox 1014 1409 1354 1498; x_wconf 80' lang='lat' dir='ltr'><strong>generibus</strong></span> <span class='ocrx_word' id='word_1_60' title='bbox 1403 1405 1625 1475; x_wconf 82' lang='lat' dir='ltr'><strong>multis</strong></span> <span class='ocrx_word' id='word_1_61' title='bbox 1672 1407 2074 1476; x_wconf 83' lang='lat' dir='ltr'><strong>varietatibus</strong></span> <span class='ocrx_word' id='word_1_62' title='bbox 2131 1409 2400 1478; x_wconf 81' lang='lat' dir='ltr'><strong>obnoxia</strong></span> <span class='ocrx_word' id='word_1_63' title='bbox 2461 1424 2575 1479; x_wconf 87' lang='lat' dir='ltr'><strong>est.</strong></span> <span class='ocrx_word' id='word_1_64' title='bbox 2666 1415 2746 1485; x_wconf 82' lang='lat' dir='ltr'><strong>ln</strong></span> 
     </span>
     <span class='ocr_line' id='line_1_10' title="bbox 612 1526 2746 1621; baseline 0.001 -24"><span class='ocrx_word' id='word_1_65' title='bbox 612 1529 950 1621; x_wconf 74' lang='lat' dir='ltr'><strong>generibus</strong></span> <span class='ocrx_word' id='word_1_66' title='bbox 1006 1526 1378 1599; x_wconf 85' lang='lat' dir='ltr'><strong>americanis</strong></span> <span class='ocrx_word' id='word_1_67' title='bbox 1429 1526 1498 1594; x_wconf 88' lang='lat' dir='ltr'><strong>in</strong></span> <span class='ocrx_word' id='word_1_68' title='bbox 1557 1527 1922 1595; x_wconf 86' lang='lat' dir='ltr'><strong>universum</strong></span> <span class='ocrx_word' id='word_1_69' title='bbox 1973 1528 2304 1597; x_wconf 85' lang='lat' dir='ltr'><strong>albumine</strong></span> <span class='ocrx_word' id='word_1_70' title='bbox 2362 1530 2746 1620; x_wconf 79' lang='lat' dir='ltr'><strong>profundius</strong></span> 
     </span>
     <span class='ocr_line' id='line_1_11' title="bbox 611 1640 2747 1741; baseline 0 -24"><span class='ocrx_word' id='word_1_71' title='bbox 611 1650 943 1718; x_wconf 86' lang='lat' dir='ltr'><strong>immersus</strong></span> <span class='ocrx_word' id='word_1_72' title='bbox 986 1661 1082 1716; x_wconf 84' lang='lat' dir='ltr'><strong>est</strong></span> <span class='ocrx_word' id='word_1_73' title='bbox 1127 1669 1205 1715; x_wconf 84' lang='lat' dir='ltr'><strong>ac</strong></span> <span class='ocrx_word' id='word_1_74' title='bbox 1251 1646 1320 1714; x_wconf 88' lang='lat' dir='ltr'><strong>in</strong></span> <span class='ocrx_word' id='word_1_75' title='bbox 1358 1645 1629 1714; x_wconf 74' lang='lat' dir='ltr'><strong>asiaticis</strong></span> <span class='ocrx_word' id='word_1_76' title='bbox 1646 1697 1663 1728; x_wconf 91' lang='lat'>,</span> <span class='ocrx_word' id='word_1_77' title='bbox 1710 1647 1946 1736; x_wconf 81' lang='lat' dir='ltr'><strong>quibus</strong></span> <span class='ocrx_word' id='word_1_78' title='bbox 1978 1640 2270 1719; x_wconf 81' lang='lat' dir='ltr'><strong>universe</strong></span> <span class='ocrx_word' id='word_1_79' title='bbox 2305 1643 2496 1718; x_wconf 84' lang='lat' dir='ltr'><strong>etiam</strong></span> <span class='ocrx_word' id='word_1_80' title='bbox 2538 1651 2747 1741; x_wconf 86' lang='lat' dir='ltr'><strong>major</strong></span> 
     </span>
     <span class='ocr_line' id='line_1_12' title="bbox 613 1766 2740 1860; baseline 0 -23"><span class='ocrx_word' id='word_1_81' title='bbox 613 1768 926 1860; x_wconf 79' lang='lat' dir='ltr'><strong>competit</strong></span> <span class='ocrx_word' id='word_1_82' title='bbox 958 1783 1026 1836; x_wconf 87' lang='lat' dir='ltr'><strong>et</strong></span> <span class='ocrx_word' id='word_1_83' title='bbox 1060 1767 1411 1857; x_wconf 83' lang='lat' dir='ltr'><strong>aliquando</strong></span> <span class='ocrx_word' id='word_1_84' title='bbox 1452 1769 1547 1843; x_wconf 78' lang='lat' dir='ltr'><strong>vix</strong></span> <span class='ocrx_word' id='word_1_85' title='bbox 1580 1766 1701 1837; x_wconf 79' lang='lat' dir='ltr'><strong>nisi</strong></span> <span class='ocrx_word' id='word_1_86' title='bbox 1736 1768 1944 1836; x_wconf 78' lang='lat' dir='ltr'><strong>obiter</strong></span> <span class='ocrx_word' id='word_1_87' title='bbox 1974 1768 2320 1837; x_wconf 88' lang='lat' dir='ltr'><strong>albuminis</strong></span> <span class='ocrx_word' id='word_1_88' title='bbox 2353 1770 2573 1839; x_wconf 76' lang='lat' dir='ltr'><strong>vertici</strong></span> <span class='ocrx_word' id='word_1_89' title='bbox 2619 1771 2740 1838; x_wconf 89' lang='lat' dir='ltr'><strong>im-</strong></span> 
     </span>
     <span class='ocr_line' id='line_1_13' title="bbox 614 1886 2234 1980; baseline 0.002 -25"><span class='ocrx_word' id='word_1_90' title='bbox 614 1910 873 1961; x_wconf 83' lang='lat' dir='ltr'><strong>mersus.</strong></span> <span class='ocrx_word' id='word_1_91' title='bbox 963 1889 1056 1953; x_wconf 87' lang='lat' dir='ltr'><strong>De</strong></span> <span class='ocrx_word' id='word_1_92' title='bbox 1083 1886 1181 1957; x_wconf 85' lang='lat' dir='ltr'><strong>his</strong></span> <span class='ocrx_word' id='word_1_93' title='bbox 1208 1886 1383 1955; x_wconf 78' lang='lat' dir='ltr'><strong>conf.</strong></span> <span class='ocrx_word' id='word_1_94' title='bbox 1412 1908 1725 1978; x_wconf 79' lang='lat' dir='ltr'>generum</span> <span class='ocrx_word' id='word_1_95' title='bbox 1757 1888 2234 1980; x_wconf 70' lang='lat' dir='ltr'><strong>descriptiones.</strong></span> 
     </span>
    </p>

    <p class='ocr_par' dir='ltr' id='par_1_3' title="bbox 514 1988 2743 2218">
     <span class='ocr_line' id='line_1_14' title="bbox 700 1988 2743 2099; baseline 0.002 -24"><span class='ocrx_word' id='word_1_96' title='bbox 700 2012 1032 2076; x_wconf 81' lang='lat' dir='ltr'><strong>Summam</strong></span> <span class='ocrx_word' id='word_1_97' title='bbox 1067 2005 1522 2097; x_wconf 79' lang='lat' dir='ltr'><strong>perfectionem</strong></span> <span class='ocrx_word' id='word_1_98' title='bbox 1556 2007 1675 2076; x_wconf 81' lang='lat' dir='ltr'><strong>flos</strong></span> <span class='ocrx_word' id='word_1_99' title='bbox 1724 1988 2198 2099; x_wconf 76' lang='lat' dir='ltr'><strong>Piperacearum</strong></span> <span class='ocrx_word' id='word_1_100' title='bbox 2249 2008 2321 2076; x_wconf 90' lang='lat' dir='ltr'><strong>in</strong></span> <span class='ocrx_word' id='word_1_101' title='bbox 2368 2008 2743 2081; x_wconf 82' lang='lat' dir='ltr'><strong>ottoniae</strong></span> 
     </span>
     <span class='ocr_line' id='line_1_15' title="bbox 514 2122 2739 2218; baseline -0.001 -21"><span class='ocrx_word' id='word_1_102' title='bbox 514 2134 517 2137; x_wconf 73' lang='grc'><em>’</em></span> <span class='ocrx_word' id='word_1_103' title='bbox 611 2143 678 2198; x_wconf 89' lang='lat' dir='ltr'><strong>et</strong></span> <span class='ocrx_word' id='word_1_104' title='bbox 709 2127 902 2218; x_wconf 87' lang='lat' dir='ltr'><strong>zipp</strong></span> <span class='ocrx_word' id='word_1_105' title='bbox 914 2126 1114 2195; x_wconf 81' lang='lat' dir='ltr'><strong>eliae</strong></span> <span class='ocrx_word' id='word_1_106' title='bbox 1143 2125 1482 2217; x_wconf 80' lang='lat' dir='ltr'><strong>generibus</strong></span> <span class='ocrx_word' id='word_1_107' title='bbox 1512 2122 1832 2217; x_wconf 60' lang='lat' dir='ltr'><strong>acquirit.</strong></span> <span class='ocrx_word' id='word_1_108' title='bbox 1869 2128 1982 2197; x_wconf 91' lang='lat' dir='ltr'><strong>ubi</strong></span> <span class='ocrx_word' id='word_1_109' title='bbox 2024 2129 2311 2198; x_wconf 71' lang='lat' dir='ltr'><strong>crarium</strong></span> <span class='ocrx_word' id='word_1_110' title='bbox 2343 2151 2496 2195; x_wconf 91' lang='lat' dir='ltr'><strong>cum</strong></span> <span class='ocrx_word' id='word_1_111' title='bbox 2526 2128 2739 2195; x_wconf 77' lang='lat' dir='ltr'><strong>stami-</strong></span> 
     </span>
    </p>
   </div>
   <div class='ocr_carea' id='block_1_3' title="bbox 610 2244 2851 2338">
    <p class='ocr_par' dir='ltr' id='par_1_4' title="bbox 610 2244 2851 2338">
     <span class='ocr_line' id='line_1_16' title="bbox 610 2244 2851 2338; baseline -0.002 -21"><span class='ocrx_word' id='word_1_112' title='bbox 610 2249 800 2317; x_wconf 83' lang='lat' dir='ltr'><strong>nibus</strong></span> <span class='ocrx_word' id='word_1_113' title='bbox 845 2247 1019 2315; x_wconf 86' lang='lat' dir='ltr'><strong>brevi</strong></span> <span class='ocrx_word' id='word_1_114' title='bbox 1065 2245 1379 2338; x_wconf 87' lang='lat' dir='ltr'><strong>pedicello</strong></span> <span class='ocrx_word' id='word_1_115' title='bbox 1432 2245 1738 2314; x_wconf 85' lang='lat' dir='ltr'><strong>innixum·</strong></span> <span class='ocrx_word' id='word_1_116' title='bbox 1760 2244 1891 2329; x_wconf 81' lang='lat' dir='ltr'><strong>est,</strong></span> <span class='ocrx_word' id='word_1_117' title='bbox 1938 2262 2004 2316; x_wconf 88' lang='lat' dir='ltr'><strong>et</strong></span> <span class='ocrx_word' id='word_1_118' title='bbox 2033 2248 2363 2315; x_wconf 80' lang='lat' dir='ltr'><strong>amentum</strong></span> <span class='ocrx_word' id='word_1_119' title='bbox 2396 2247 2466 2321; x_wconf 84' lang='lat' dir='ltr'><strong>in</strong></span> <span class='ocrx_word' id='word_1_120' title='bbox 2502 2246 2738 2315; x_wconf 80' lang='lat' dir='ltr'>racemi</span> <span class='ocrx_word' id='word_1_121' title='bbox 2844 2282 2851 2290; x_wconf 94' lang='lat'><em>·</em></span> 
     </span>
    </p>
   </div>
   <div class='ocr_carea' id='block_1_4' title="bbox 603 2365 2742 2943">
    <p class='ocr_par' dir='ltr' id='par_1_5' title="bbox 603 2365 2742 2943">
     <span class='ocr_line' id='line_1_17' title="bbox 612 2365 2734 2460; baseline -0.004 -22"><span class='ocrx_word' id='word_1_122' title='bbox 612 2383 914 2438; x_wconf 88' lang='lat' dir='ltr'><strong>naturam</strong></span> <span class='ocrx_word' id='word_1_123' title='bbox 947 2365 1198 2435; x_wconf 83' lang='lat' dir='ltr'><strong>transit.</strong></span> <span class='ocrx_word' id='word_1_124' title='bbox 1288 2366 1398 2458; x_wconf 82' lang='lat' dir='ltr'><strong>Sic</strong></span> <span class='ocrx_word' id='word_1_125' title='bbox 1439 2367 1635 2435; x_wconf 84' lang='lat' dir='ltr'><strong>ambo</strong></span> <span class='ocrx_word' id='word_1_126' title='bbox 1669 2367 1775 2435; x_wconf 86' lang='lat' dir='ltr'><strong>illa</strong></span> <span class='ocrx_word' id='word_1_127' title='bbox 1809 2367 2067 2460; x_wconf 78' lang='lat' dir='ltr'><strong>agmina</strong></span> <span class='ocrx_word' id='word_1_128' title='bbox 2085 2418 2104 2450; x_wconf 90' lang='lat'>‚</span> <span class='ocrx_word' id='word_1_129' title='bbox 2150 2368 2219 2440; x_wconf 88' lang='lat' dir='ltr'><strong>in</strong></span> <span class='ocrx_word' id='word_1_130' title='bbox 2250 2389 2417 2456; x_wconf 81' lang='lat' dir='ltr'><strong>quae</strong></span> <span class='ocrx_word' id='word_1_131' title='bbox 2446 2366 2734 2457; x_wconf 67' lang='lat' dir='ltr'><strong>Pipa-ea-</strong></span> 
     </span>
     <span class='ocr_line' id='line_1_18' title="bbox 605 2481 2742 2578; baseline -0.004 -18"><span class='ocrx_word' id='word_1_132' title='bbox 605 2512 754 2559; x_wconf 87' lang='lat' dir='ltr'><strong>rum</strong></span> <span class='ocrx_word' id='word_1_133' title='bbox 786 2487 1013 2555; x_wconf 78' lang='lat' dir='ltr'><strong>Tribus</strong></span> <span class='ocrx_word' id='word_1_134' title='bbox 1042 2484 1314 2554; x_wconf 82' lang='lat' dir='ltr'><strong>discedit</strong></span> <span class='ocrx_word' id='word_1_135' title='bbox 1332 2538 1349 2569; x_wconf 92' lang='lat'>,</span> <span class='ocrx_word' id='word_1_136' title='bbox 1398 2487 1839 2556; x_wconf 82' lang='lat' dir='ltr'><strong>characterum</strong></span> <span class='ocrx_word' id='word_1_137' title='bbox 1874 2481 2121 2555; x_wconf 81' lang='lat' dir='ltr'><strong>summa</strong></span> <span class='ocrx_word' id='word_1_138' title='bbox 2161 2499 2228 2554; x_wconf 84' lang='lat' dir='ltr'><strong>et</strong></span> <span class='ocrx_word' id='word_1_139' title='bbox 2261 2485 2533 2578; x_wconf 87' lang='lat' dir='ltr'><strong>propriis</strong></span> <span class='ocrx_word' id='word_1_140' title='bbox 2564 2482 2742 2553; x_wconf 22' lang='lat' dir='ltr'><strong>limi-⁷</strong></span> 
     </span>
     <span class='ocr_line' id='line_1_19' title="bbox 605 2603 2734 2701; baseline -0.004 -21"><span class='ocrx_word' id='word_1_141' title='bbox 605 2612 778 2679; x_wconf 82' lang='lat' dir='ltr'><strong>tibus</strong></span> <span class='ocrx_word' id='word_1_142' title='bbox 805 2603 1243 2701; x_wconf 73' lang='lat' dir='ltr'><strong>geographicis</strong></span> <span class='ocrx_word' id='word_1_143' title='bbox 1262 2608 1763 2699; x_wconf 79' lang='lat' dir='ltr'><strong>circumscripta,</strong></span> <span class='ocrx_word' id='word_1_144' title='bbox 1793 2620 2150 2675; x_wconf 81' lang='lat' dir='ltr'><strong>structurae</strong></span> <span class='ocrx_word' id='word_1_145' title='bbox 2173 2605 2579 2699; x_wconf 80' lang='lat' dir='ltr'><strong>perfectionis</strong></span> <span class='ocrx_word' id='word_1_146' title='bbox 2609 2605 2734 2673; x_wconf 79' lang='lat' dir='ltr'><strong>fas-</strong></span> 
     </span>
     <span class='ocr_line' id='line_1_20' title="bbox 605 2725 2739 2823; baseline -0.002 -22"><span class='ocrx_word' id='word_1_147' title='bbox 605 2731 870 2823; x_wconf 79' lang='lat' dir='ltr'><strong>tigium,</strong></span> <span class='ocrx_word' id='word_1_148' title='bbox 907 2725 1352 2800; x_wconf 62' lang='lat' dir='ltr'><strong>am&#39;ericana</strong></span> <span class='ocrx_word' id='word_1_149' title='bbox 1389 2727 1458 2796; x_wconf 90' lang='lat' dir='ltr'><strong>in</strong></span> <span class='ocrx_word' id='word_1_150' title='bbox 1490 2726 1854 2810; x_wconf 85' lang='lat' dir='ltr'><strong>Ottenia,</strong></span> <span class='ocrx_word' id='word_1_151' title='bbox 1890 2742 2438 2821; x_wconf 74' lang='lat' dir='ltr'><strong>gerontcgaea</strong></span> <span class='ocrx_word' id='word_1_152' title='bbox 2468 2727 2537 2795; x_wconf 88' lang='lat' dir='ltr'><strong>in</strong></span> <span class='ocrx_word' id='word_1_153' title='bbox 2572 2725 2739 2819; x_wconf 81' lang='lat' dir='ltr'><strong>zip-</strong></span> 
     </span>
     <span class='ocr_line' id='line_1_21' title="bbox 603 2850 1329 2943; baseline 0 -23"><span class='ocrx_word' id='word_1_154' title='bbox 603 2852 810 2943; x_wconf 88' lang='lat' dir='ltr'><strong>pelia</strong></span> <span class='ocrx_word' id='word_1_155' title='bbox 845 2850 1329 2924; x_wconf 86' lang='lat' dir='ltr'><strong>nanciscuntur.</strong></span> 
     </span>
    </p>
   </div>
   <div class='ocr_carea' id='block_1_5' title="bbox 1224 3081 2226 3179">
    <p class='ocr_par' dir='ltr' id='par_1_6' title="bbox 1224 3081 2226 3179">
     <span class='ocr_line' id='line_1_22' title="bbox 1224 3081 2226 3179; baseline -0.001 -21"><span class='ocrx_word' id='word_1_156' title='bbox 1224 3091 1700 3179; x_wconf 45' lang='lat' dir='ltr'><strong>Propriaeater¹</strong></span> <span class='ocrx_word' id='word_1_157' title='bbox 1740 3081 2097 3157; x_wconf 69' lang='lat' dir='ltr'><strong>Chemioae&#39;.</strong></span> <span class='ocrx_word' id='word_1_158' title='bbox 2221 3121 2226 3126; x_wconf 89' lang='lat'><strong>·</strong></span> 
     </span>
    </p>
   </div>
   <div class='ocr_carea' id='block_1_6' title="bbox 609 3326 2736 4383">
    <p class='ocr_par' dir='ltr' id='par_1_7' title="bbox 609 3326 2736 4383">
     <span class='ocr_line' id='line_1_23' title="bbox 699 3326 2733 3418; baseline -0.005 -16"><span class='ocrx_word' id='word_1_159' title='bbox 699 3331 1122 3418; x_wconf 83' lang='lat' dir='ltr'><strong>Qualitatibus</strong></span> <span class='ocrx_word' id='word_1_160' title='bbox 1170 3328 1622 3406; x_wconf 78' lang='lat' dir='ltr'><strong>aromaticis</strong></span> <span class='ocrx_word' id='word_1_161' title='bbox 1665 3342 1731 3395; x_wconf 88' lang='lat' dir='ltr'><strong>et</strong></span> <span class='ocrx_word' id='word_1_162' title='bbox 1777 3326 2085 3396; x_wconf 83' lang='lat' dir='ltr'><strong>acribus</strong></span> <span class='ocrx_word' id='word_1_163' title='bbox 2129 3347 2349 3396; x_wconf 80' lang='lat' dir='ltr'><strong>omnes</strong></span> <span class='ocrx_word' id='word_1_164' title='bbox 2378 3326 2513 3395; x_wconf 83' lang='lat' dir='ltr'><strong>fere</strong></span> <span class='ocrx_word' id='word_1_165' title='bbox 2549 3326 2733 3418; x_wconf 78' lang='lat' dir='ltr'><strong>Pipe-</strong></span> 
     </span>
     <span class='ocr_line' id='line_1_24' title="bbox 609 3445 2732 3539; baseline -0.005 -13"><span class='ocrx_word' id='word_1_166' title='bbox 609 3478 825 3526; x_wconf 86' lang='lat' dir='ltr'><strong>raccae</strong></span> <span class='ocrx_word' id='word_1_167' title='bbox 857 3453 1174 3526; x_wconf 81' lang='lat' dir='ltr'><strong>excellunt</strong></span> <span class='ocrx_word' id='word_1_168' title='bbox 1191 3501 1208 3531; x_wconf 95' lang='lat'>,</span> <span class='ocrx_word' id='word_1_169' title='bbox 1255 3448 1542 3539; x_wconf 87' lang='lat' dir='ltr'><strong>inprimis</strong></span> <span class='ocrx_word' id='word_1_170' title='bbox 1568 3448 1909 3516; x_wconf 75' lang='lat' dir='ltr'><strong>fruticosae</strong></span> <span class='ocrx_word' id='word_1_171' title='bbox 1937 3460 2005 3514; x_wconf 85' lang='lat' dir='ltr'><strong>et</strong></span> <span class='ocrx_word' id='word_1_172' title='bbox 2036 3445 2500 3521; x_wconf 77' lang='lat' dir='ltr'><strong>arborescentes</strong></span> <span class='ocrx_word' id='word_1_173' title='bbox 2513 3498 2529 3528; x_wconf 93' lang='lat'>,</span> <span class='ocrx_word' id='word_1_174' title='bbox 2567 3448 2732 3515; x_wconf 85' lang='lat' dir='ltr'><strong>dum</strong></span> 
     </span>
     <span class='ocr_line' id='line_1_25' title="bbox 609 3565 2736 3661; baseline -0.004 -17"><span class='ocrx_word' id='word_1_175' title='bbox 609 3578 776 3645; x_wconf 85' lang='lat' dir='ltr'><strong>inter</strong></span> <span class='ocrx_word' id='word_1_176' title='bbox 807 3573 1147 3641; x_wconf 85' lang='lat' dir='ltr'><strong>herbaceas</strong></span> <span class='ocrx_word' id='word_1_177' title='bbox 1175 3591 1415 3661; x_wconf 85' lang='lat' dir='ltr'><strong>paucae</strong></span> <span class='ocrx_word' id='word_1_178' title='bbox 1441 3567 1703 3637; x_wconf 85' lang='lat' dir='ltr'><strong>omnino</strong></span> <span class='ocrx_word' id='word_1_179' title='bbox 1727 3567 2032 3658; x_wconf 88' lang='lat' dir='ltr'><strong>insipidae</strong></span> <span class='ocrx_word' id='word_1_180' title='bbox 2055 3565 2469 3657; x_wconf 83' lang='lat' dir='ltr'><strong>reperiantur.</strong></span> <span class='ocrx_word' id='word_1_181' title='bbox 2516 3567 2736 3637; x_wconf 86' lang='lat' dir='ltr'><strong>Odere</strong></span> 
     </span>
     <span class='ocr_line' id='line_1_26' title="bbox 613 3685 2725 3783; baseline -0.006 -17"><span class='ocrx_word' id='word_1_182' title='bbox 613 3694 956 3767; x_wconf 84' lang='lat' dir='ltr'><strong>aromatico</strong></span> <span class='ocrx_word' id='word_1_183' title='bbox 1022 3704 1238 3783; x_wconf 77' lang='lat' dir='ltr'><strong>grato,</strong></span> <span class='ocrx_word' id='word_1_184' title='bbox 1300 3689 1476 3757; x_wconf 90' lang='lat' dir='ltr'><strong>haud</strong></span> <span class='ocrx_word' id='word_1_185' title='bbox 1530 3710 1673 3756; x_wconf 88' lang='lat' dir='ltr'><strong>raro</strong></span> <span class='ocrx_word' id='word_1_186' title='bbox 1724 3687 1967 3756; x_wconf 78' lang='lat' dir='ltr'><strong>anisatc</strong></span> <span class='ocrx_word' id='word_1_187' title='bbox 2012 3685 2263 3779; x_wconf 80' lang='lat' dir='ltr'><strong>lignum</strong></span> <span class='ocrx_word' id='word_1_188' title='bbox 2310 3699 2686 3757; x_wconf 83' lang='lat' dir='ltr'><strong>truncorum</strong></span> <span class='ocrx_word' id='word_1_189' title='bbox 2708 3737 2725 3767; x_wconf 95' lang='lat'>,</span> 
     </span>
     <span class='ocr_line' id='line_1_27' title="bbox 609 3809 2730 3901; baseline -0.007 -14"><span class='ocrx_word' id='word_1_190' title='bbox 609 3819 818 3888; x_wconf 87' lang='lat' dir='ltr'><strong>caules</strong></span> <span class='ocrx_word' id='word_1_191' title='bbox 834 3868 852 3898; x_wconf 91' lang='lat'>‚</span> <span class='ocrx_word' id='word_1_192' title='bbox 882 3814 1032 3883; x_wconf 75' lang='lat' dir='ltr'><strong>felia</strong></span> <span class='ocrx_word' id='word_1_193' title='bbox 1066 3826 1130 3879; x_wconf 92' lang='lat' dir='ltr'><strong>et</strong></span> <span class='ocrx_word' id='word_1_194' title='bbox 1147 3810 1517 3901; x_wconf 77' lang='lat' dir='ltr'><strong>praesertim</strong></span> <span class='ocrx_word' id='word_1_195' title='bbox 1539 3809 1780 3876; x_wconf 86' lang='lat' dir='ltr'><strong>baccae</strong></span> <span class='ocrx_word' id='word_1_196' title='bbox 1791 3810 2063 3900; x_wconf 79' lang='lat' dir='ltr'><strong>pollent3</strong></span> <span class='ocrx_word' id='word_1_197' title='bbox 2089 3831 2210 3877; x_wconf 89' lang='lat' dir='ltr'><strong>nee</strong></span> <span class='ocrx_word' id='word_1_198' title='bbox 2228 3810 2471 3877; x_wconf 79' lang='lat' dir='ltr'><strong>radices</strong></span> <span class='ocrx_word' id='word_1_199' title='bbox 2484 3830 2730 3898; x_wconf 84' lang='lat' dir='ltr'><strong>semper</strong></span> 
     </span>
     <span class='ocr_line' id='line_1_28' title="bbox 609 3927 2731 4026; baseline -0.007 -19"><span class='ocrx_word' id='word_1_200' title='bbox 609 3929 858 4021; x_wconf 75' lang='lat' dir='ltr'><strong>carent3</strong></span> <span class='ocrx_word' id='word_1_201' title='bbox 906 3932 1339 4026; x_wconf 77' lang='lat' dir='ltr'><strong>glandulae</strong></span> <span class='ocrx_word' id='word_1_202' title='bbox 1371 3929 1511 3998; x_wconf 91' lang='lat' dir='ltr'><strong>illae</strong></span> <span class='ocrx_word' id='word_1_203' title='bbox 1540 3952 1698 4020; x_wconf 86' lang='lat' dir='ltr'><strong>quas</strong></span> <span class='ocrx_word' id='word_1_204' title='bbox 1725 3953 1910 4021; x_wconf 87' lang='lat' dir='ltr'><strong>supra</strong></span> <span class='ocrx_word' id='word_1_205' title='bbox 1943 3931 2468 4010; x_wconf 83' lang='lat' dir='ltr'><strong>commemoravi,</strong></span> <span class='ocrx_word' id='word_1_206' title='bbox 2525 3927 2731 4017; x_wconf 90' lang='lat' dir='ltr'><strong>pellu-</strong></span> 
     </span>
     <span class='ocr_line' id='line_1_29' title="bbox 612 4047 2730 4146; baseline -0.008 -16"><span class='ocrx_word' id='word_1_207' title='bbox 612 4061 793 4130; x_wconf 88' lang='lat' dir='ltr'><strong>cidae</strong></span> <span class='ocrx_word' id='word_1_208' title='bbox 809 4110 825 4137; x_wconf 90' lang='lat'>‚</span> <span class='ocrx_word' id='word_1_209' title='bbox 873 4056 1016 4146; x_wconf 92' lang='lat' dir='ltr'><strong>plus</strong></span> <span class='ocrx_word' id='word_1_210' title='bbox 1063 4051 1273 4118; x_wconf 86' lang='lat' dir='ltr'><strong>minus</strong></span> <span class='ocrx_word' id='word_1_211' title='bbox 1325 4049 1722 4139; x_wconf 88' lang='lat' dir='ltr'><strong>prominulae</strong></span> <span class='ocrx_word' id='word_1_212' title='bbox 1739 4102 1756 4131; x_wconf 92' lang='lat'>,</span> <span class='ocrx_word' id='word_1_213' title='bbox 1794 4050 1862 4116; x_wconf 91' lang='lat' dir='ltr'><strong>in</strong></span> <span class='ocrx_word' id='word_1_214' title='bbox 1909 4051 2205 4119; x_wconf 90' lang='lat' dir='ltr'><strong>omnibus</strong></span> <span class='ocrx_word' id='word_1_215' title='bbox 2251 4048 2543 4139; x_wconf 88' lang='lat' dir='ltr'><strong>partibus</strong></span> <span class='ocrx_word' id='word_1_216' title='bbox 2577 4047 2730 4114; x_wconf 90' lang='lat' dir='ltr'><strong>her-</strong></span> 
     </span>
     <span class='ocr_line' id='line_1_30' title="bbox 614 4159 2728 4263; baseline -0.007 -15"><span class='ocrx_word' id='word_1_217' title='bbox 614 4177 827 4248; x_wconf 87' lang='lat' dir='ltr'><strong>baceis</strong></span> <span class='ocrx_word' id='word_1_218' title='bbox 844 4226 861 4257; x_wconf 91' lang='lat'>,</span> <span class='ocrx_word' id='word_1_219' title='bbox 893 4170 1202 4262; x_wconf 88' lang='lat' dir='ltr'><strong>imprimis</strong></span> <span class='ocrx_word' id='word_1_220' title='bbox 1234 4169 1398 4238; x_wconf 83' lang='lat' dir='ltr'><strong>foliis</strong></span> <span class='ocrx_word' id='word_1_221' title='bbox 1413 4222 1430 4251; x_wconf 92' lang='lat'>,</span> <span class='ocrx_word' id='word_1_222' title='bbox 1461 4159 1728 4239; x_wconf 81' lang='lat' dir='ltr'><strong>bracteis</strong></span> <span class='ocrx_word' id='word_1_223' title='bbox 1759 4172 2245 4263; x_wconf 86' lang='lat' dir='ltr'><strong>pericarpiisque</strong></span> <span class='ocrx_word' id='word_1_224' title='bbox 2275 4167 2691 4236; x_wconf 87' lang='lat' dir='ltr'><strong>creberrimae</strong></span> <span class='ocrx_word' id='word_1_225' title='bbox 2711 4220 2728 4247; x_wconf 90' lang='lat'>,</span> 
     </span>
     <span class='ocr_line' id='line_1_31' title="bbox 614 4287 2733 4383; baseline -0.006 -14"><span class='ocrx_word' id='word_1_226' title='bbox 614 4301 831 4369; x_wconf 82' lang='lat' dir='ltr'><strong>eleum</strong></span> <span class='ocrx_word' id='word_1_227' title='bbox 846 4292 1208 4365; x_wconf 79' lang='lat' dir='ltr'><strong>aethereum</strong></span> <span class='ocrx_word' id='word_1_228' title='bbox 1225 4290 1438 4361; x_wconf 81' lang='lat' dir='ltr'><strong>odoris</strong></span> <span class='ocrx_word' id='word_1_229' title='bbox 1452 4305 1517 4360; x_wconf 85' lang='lat' dir='ltr'><strong>et</strong></span> <span class='ocrx_word' id='word_1_230' title='bbox 1531 4291 1765 4383; x_wconf 85' lang='lat' dir='ltr'><strong>saporis</strong></span> <span class='ocrx_word' id='word_1_231' title='bbox 1776 4313 2029 4360; x_wconf 85' lang='lat' dir='ltr'><strong>causam</strong></span> <span class='ocrx_word' id='word_1_232' title='bbox 2049 4342 2066 4371; x_wconf 93' lang='lat'>‚</span> <span class='ocrx_word' id='word_1_233' title='bbox 2086 4310 2407 4358; x_wconf 84' lang='lat' dir='ltr'><strong>secernere</strong></span> <span class='ocrx_word' id='word_1_234' title='bbox 2422 4287 2733 4357; x_wconf 82' lang='lat' dir='ltr'><strong>videntur.</strong></span> 
     </span>
    </p>
   </div>
  </div>
 </body>
</html>
