3153 5134
1415 386 1551 461 241

400 608 527 647 cum
561 597 741 668 2ξ-3
775 600 912 647 cent.
936 591 1182 665 longum,
1208 595 1356 647 6-8
1385 611 1515 649 mm.
1544 610 1770 652 crassum
1782 598 2242 673 ,fusco-nigricans
2266 601 2409 658 etob
2437 600 2554 659 baci-

398 699 578 735 carum
609 681 771 753 apices
797 680 1111 754 prominulos
1138 678 1400 753 adspectus
1429 681 1703 753 granulosi.
1774 687 2002 741 Baccae
2028 687 2369 758 densissimae,
2401 691 2553 746 coali-

400 776 503 835 tae,
529 767 1114 842 obpymmidatoeovales,
1141 777 1449 842 tetragonae,
1474 769 1831 827 verticelihem
1844 772 2234 847 henusphaerioo
2246 777 2554 852 stigmatum

400 851 637 907 cicatrice
669 853 908 908 circulari
941 854 1262 909 instructaes
1306 858 1519 908 Semen
1551 855 2154 932 oblongo-subglobosum
2187 862 2365 919 obtuse
2399 875 2551 921 tetra·

401 958 596 1013 genum
631 949 685 995 et
722 939 1038 995 lenticulari·
1040 940 1503 1014 subcompressum,
1549 941 1661 996 basi
1701 943 1945 999 umbilico
1977 946 2173 1019 amplo,
2209 949 2348 1021 apice
2378 948 2556 1007 leviter

398 1039 664 1098 retusum3
708 1039 870 1083 testa
909 1030 1455 1098 castaneo-rubescens,
1491 1031 1655 1086 nitida
1692 1032 2026 1089 subtilissime
2059 1034 2296 1092 areolata.
2366 1039 2549 1094 Albu-

399 1134 539 1171 men
577 1115 943 1184 subcorneum,
981 1117 1179 1172 sordide
1216 1116 1415 1172 album.
1485 1120 1775 1173 Bracteae
1813 1120 2127 1192 persistentes
2154 1122 2329 1177 eadem
2358 1125 2549 1180 ratione

398 1221 460 1260 ac
492 1204 548 1258 in
579 1202 657 1258 ch
672 1221 761 1259 av.
792 1203 1201 1259 officinarum
1233 1203 1521 1277 dispositae,
1559 1203 1729 1278 pelta
1758 1205 1924 1263 baccis
1954 1218 2090 1263 arcte
2116 1209 2379 1282 applicita.
2447 1215 2545 1268 Sa-

398 1309 507 1366 por
534 1289 805 1345 baccarum
835 1292 1199 1347 fervidissimus
1229 1289 1332 1345 sere
1361 1310 1527 1345 urens.

467 1377 758 1453 specimina
800 1378 1193 1453 Roxburghiana
1234 1377 1470 1451 Piperis
1498 1378 1673 1452 longi
1701 1380 1906 1435 nomine
1933 1380 2178 1456 inscripta
2210 1382 2401 1458 majore
2430 1385 2546 1458 gla-

398 1466 555 1522 britie
594 1476 649 1520 et
695 1464 934 1520 foliorum
978 1465 1145 1520 nitore
1188 1482 1281 1519 nec
1321 1474 1497 1519 tamen
1541 1464 1658 1519 aliis
1700 1466 1837 1521 notis
1875 1466 2125 1523 differunt
2162 1467 2228 1522 ab
2264 1469 2330 1525 iis
2367 1472 2545 1577 Herb.

397 1553 808 1610 Wallichiani
839 1564 893 1607 et
923 1554 987 1608 iis
1016 1572 1146 1628 quae
1174 1552 1242 1608 el.
1273 1567 1567 1607 ramorum·
1598 1552 1741 1626 legit.

467 1646 562 1716 Sp.
594 1659 771 1695 masc.
802 1639 913 1698 Hb.
942 1639 1279 1696 Hamilton.
1308 1639 1524 1694 amentis
1553 1638 1864 1712 longioribus
1895 1643 2064 1711 (4-6
2081 1644 2246 1712 cent.)
2266 1642 2332 1697 ab
2361 1644 2542 1701 Roxb.

393 1738 447 1781 et
481 1727 665 1784 Wall.
695 1727 950 1783 diversum
982 1746 1075 1783 nec
1106 1726 1209 1783 alia
1237 1737 1360 1784 nota
1388 1727 1709 1783 distinctum.

473 1920 761 1974 Adnotatio
797 1923 845 1975 Ι.
917 1920 1061 1993 Piper
1101 1919 1314 1993 longum
1344 1920 1480 1993 quod
1509 1939 1538 1974 e
1580 1919 1783 1974 coloniis
1811 1920 2017 1994 anglicis
2046 1916 2337 1992 advehitur,
2367 1942 2426 1978 ex
2451 1926 2547 1983 hac

397 2008 575 2080 planta
613 2007 785 2081 colligi
819 2018 936 2062 tum
970 2022 1228 2076 austun,
1266 2022 1587 2066 aonuaenn
1626 2017 1678 2062 et
1710 2022 2006 2063 wuucnu
2033 2012 2325 2066 testimonia
2357 2012 2541 2068 confir-

399 2104 573 2162 mant,
617 2105 733 2150 tum
779 2104 1100 2149 amentorum
1141 2094 1394 2149 venalium
1437 2113 1560 2149 cum
1600 2094 1664 2149 iis
1703 2114 1834 2169 quae
1869 2095 1926 2149 in
1963 2096 2325 2169 speciminibus
2360 2099 2544 2154 Walli-

396 2182 591 2237 chianis
630 2181 758 2249 vidi,
802 2182 1108 2255 comparatio
1144 2181 1472 2237 demonstrat.
1545 2185 1682 2236 Num
1715 2192 1769 2235 et
1802 2181 1955 2251 aliae,
1979 2193 2031 2237 et
2064 2184 2300 2258 inprimis
2331 2204 2541 2261 sequens

396 2269 578 2341 species
606 2268 827 2323 similem
855 2268 1089 2323 fructum
1111 2266 1421 2341 largiantur,
1464 2268 1694 2323 nondum
1719 2279 1928 2325 constat.
1997 2272 2143 2340 Quod
2164 2284 2340 2328 autem
2370 2293 2428 2328 ex
2464 2274 2545 2328 in·

397 2355 522 2409 su'lis
539 2355 804 2409 Sundaicis
833 2355 927 2409 hoc
952 2354 1160 2408 nomine
1186 2354 1456 2409 advehitur
1483 2354 1971 2426 praestantissimum
2005 2356 2311 2428 pharmacon
2343 2360 2410 2415 ab
2444 2362 2545 2418 alia

397 2444 555 2515 specie
584 2441 749 2513 carpi..
785 2441 920 2496 infra
952 2441 1166 2497 ulterius
1194 2440 1504 2515 explicatum
1533 2441 1684 2514 legas.
1732 2440 1828 2512 (Cf.
1861 2443 1959 2499 ch.
1991 2443 2434 2518 officinarum).

471 2530 756 2584 Admmcio
791 2531 868 2587 ΙΙ.
941 2533 1013 2584 De
1054 2529 1259 2584 cultura
1304 2539 1357 2584 et
1400 2548 1496 2584 usu
1540 2542 1697 2585 non.
1740 2529 1779 2586 l.
1823 2548 1868 2586 e.
1912 2550 1963 2604 p.
2010 2537 2117 2587 155
2160 2533 2311 2607 plura
2354 2548 2545 2596 monet.

398 2617 769 2690 multiplicatur
792 2616 1007 2689 flagellis
1030 2635 1160 2691 quae
1173 2615 1384 2671 ineunte
1399 2627 1697 2690 tempestate
1712 2616 1938 2689 pluviosa
1952 2617 2272 2691 plantantur.
2309 2627 2545 2693 Amenta‚

395 2707 510 2762 solis
543 2705 768 2759 efficacia
801 2704 1119 2771 exsiccanda,
1160 2723 1232 2759 m.
1265 2704 1509 2760 Januario
1542 2703 1889 2776 colliguntur3
1928 2705 2095 2760 caules
2129 2697 2255 2763 tunc
2290 2712 2544 2768 emoriun-

392 2804 509 2862 tur,
554 2795 817 2870 superstite
849 2795 1028 2849 saltem
1063 2793 1253 2859 radice,
1291 2792 1347 2846 in
1381 2792 1618 2846 futurum
1653 2810 1849 2846 annum
1888 2811 2039 2848 novos
2069 2793 2238 2849 caules
2268 2797 2544 2869 prolatura.

391 2884 568 2940 Solum
600 2884 827 2960 postulat
856 2884 1071 2956 pingue,
1105 2880 1389 2946 elevatum,
1424 2880 1636 2934 siccum.
1708 2883 1861 2945 Area,
1900 2880 2165 2935 vernacule
2193 2881 2379 2957 bigha
2407 2886 2545 2942 dicta

393 2974 452 3044 (ᾗ
497 2983 680 3028 „acm”
725 2971 890 3045 angl.)
932 2969 1097 3042 primo
1139 2986 1273 3022 anno
1321 2970 1391 3020 84
1440 2966 1525 3031 ff,
1570 2966 1798 3039 sequenti
1844 2969 1950 3020 336
2001 2966 2079 3034 ff,
2125 2968 2281 3022 tertio
2327 2974 2437 3025 504
2487 2973 2544 3029 st

396 3071 716 3116 umentorum
746 3057 960 3133 profert,
989 3055 1074 3111 sed
1101 3065 1279 3130 quarto
1302 3072 1435 3109 anno
1462 3052 1640 3127 planta
1659 3052 1777 3126 jam
1805 3051 2127 3126 languescens
2153 3055 2405 3111 minorem
2431 3077 2543 3114 sen-

396 3146 493 3200 sim
529 3146 871 3221 quantitatem
903 3142 1120 3218 promit,
1156 3151 1207 3195 et
1237 3159 1353 3213 ager
1384 3139 1447 3194 de
1479 3158 1609 3194 novo
1636 3139 1920 3212 plantatur.

473 3234 670 3289 Radix
726 3243 779 3287 et
835 3231 1040 3287 caules
1084 3228 1436 3295 int'erioreS,
1496 3228 1550 3281 in
1622 3226 1821 3280 minora
1873 3226 2037 3282 frusta
2090 3227 2200 3283 fissi
2252 3240 2305 3284 et
2363 3232 2540 3290 siccati

395 3321 600 3375 nomine
639 3318 899 3394 Pippula
944 3317 1141 3373 moala
1180 3334 1269 3390 per
1310 3325 1473 3370 totam
1510 3312 1710 3367 Indiam
1745 3314 2049 3370 commercio
2086 3317 2540 3376 circumvehuntur

393 3417 447 3460 et
475 3426 628 3480 aeque
658 3425 716 3460 ac
746 3414 950 3459 amenta
982 3403 1097 3457 usui
1125 3403 1321 3456 medico
1348 3399 1676 3455 adhibentur.

468 3494 756 3546 Adnotatio
793 3494 901 3546 III.
974 3492 1144 3559 Piper
1165 3488 1358 3561 fallax
1394 3491 1548 3543 Hort.
1587 3488 1784 3542 herold
1819 3507 1896 3541 an
1927 3500 1984 3541 et
2013 3491 2149 3543 Vah!
2177 3492 2377 3547 Eum.
2405 3496 2452 3551 I.
2471 3515 2537 3566 p.

399 3582 507 3633 335
545 3579 609 3632 ad
644 3578 771 3633 hanc
802 3576 882 3632 vel
910 3577 973 3631 ad
1002 3585 1295 3650 sequentem
1326 3575 1535 3648 speciem
1567 3574 1772 3629 omuino
1800 3575 2116 3630 referendum
2149 3596 2278 3646 esse,
2314 3580 2537 3654 inspecto

400 3665 599 3720 ramulo
641 3664 830 3732 sterili,
874 3663 958 3718 vix
998 3662 1216 3718 dubium
1258 3662 1389 3716 mibi
1427 3672 1519 3719 est.
1590 3662 1904 3736 Comparatio
1940 3682 2262 3719 summorum
2297 3666 2537 3727 foliorum

395 3752 678 3827 speciminis
715 3751 941 3807 florentis
957 3788 976 3814 ,
1016 3768 1175 3825 quam
1206 3749 1452 3804 botanicis
1479 3748 1873 3805 berolinensibus
1907 3753 2315 3809 commendatam
2353 3757 2535 3828 velim,
2590 3793 2594 3799 ·

400 3840 556 3898 dubia
586 3841 682 3896 hac
710 3842 773 3896 de
799 3859 854 3895 re
880 3837 1026 3895 facile
1056 3838 1233 3894 solvat.
1490 3879 1495 3882 -

472 3930 648 3983 Rami
684 3927 985 3995 dichotomi,
1020 3926 1085 3980 ad
1120 3926 1270 3980 nodos
1305 3924 1612 3990 radicantes,
1647 3925 2016 3992 vindemiantes,
2052 3928 2391 3995 teretiusculi,
2421 3931 2542 3986 sub-

394 4016 653 4090 auguloei,
699 4014 892 4082 striati,
939 4012 1235 4067 internodiis
1277 4017 1455 4066 8—14
1494 4023 1628 4068 cent.
1670 4012 1856 4086 longis,
1921 4011 2093 4067 Folia
2133 4014 2538 4087 membranacea,

399 4103 951 4178 pellucido-punctam,
995 4098 1248 4174 petiolis
1288 4103 1436 4153 5-7
1474 4109 1605 4155 cent.
1645 4101 1840 4173 longis,
1881 4099 2247 4166 subteretibus‚
2291 4103 2540 4174 profunde

399 4191 773 4259 canaliculatis,
816 4189 954 4244 infra
988 4186 1236 4242 laminam
1273 4185 1525 4253 dilatatis,
1559 4185 1666 4240 basi
1695 4185 1924 4240 dilatatis
1951 4194 2004 4238 et
2016 4184 2317 4283 ’junioribus
2344 4190 2538 4262 stipu-

395 4278 477 4334 lis
519 4279 798 4335 linearibus
839 4277 1038 4338 adnatis
1080 4274 1290 4329 demum
1324 4272 1549 4328 deciduis
1585 4273 1778 4340 auctis,
1821 4271 2055 4346 inprimis
2087 4272 2334 4344 superiora
2372 4295 2539 4335 versus

396 4366 882 4441 butrano-puberulis
917 4371 1167 4429 sustenta,
1209 4358 1686 4427 rotundato—ovata,
1727 4358 1834 4414 basi
1868 4358 2113 4415 latissime
2147 4360 2374 4432 cordata,
2410 4363 2536 4424 lobia

2127 4473 2176 4509 1⁶
