3153 5134
1644 356 1774 416 514

645 562 754 619 tae,
796 555 867 619 2}
913 561 1051 607 cent.
1095 552 1296 625 longae,
1343 551 1545 626 glabrae
1589 551 2020 626 subglandulosae.
2103 559 2360 609 Amenta
2404 553 2781 628 pedunculis

644 639 869 695 enrvulis
901 640 1091 715 glabris
1121 645 1265 695 5—ss
1298 651 1428 696 cent.
1461 641 1622 714 longis
1652 640 1943 715 cylindricis
1969 651 2194 697 sustenta
2207 682 2224 710 ,
2257 641 2435 716 patula
2465 643 2545 697 vel
2574 663 2783 716 parum-

643 746 734 801 per
769 728 987 798 deflexa,
1028 740 1164 785 recta
1201 729 1381 784 deinde
1415 739 1623 784 curvata
1660 730 1739 784 vel
1776 741 1828 785 et
1872 732 2136 800 S·formia‚
2171 731 2409 806 pleraque
2458 732 2784 790 uuilateralia

645 816 714 871 ad
740 817 854 872 folii
882 819 992 876 scil.
1021 818 1233 892 oppositi
1263 817 1402 872 latus
1430 817 1712 892 vergentia,
1747 818 2023 894 cylindrica
2039 858 2057 888 ,
2089 825 2235 875 6--7
2285 830 2418 876 cent.
2448 821 2628 896 longa,
2661 841 2784 877 acu-

645 905 1201 975 minato-subrostrata,
1240 906 1474 960 florentia
1503 910 1647 960 3—4
1682 925 1840 974 mm„
1865 906 2105 964 deflorata
2134 914 2274 964 4—5
2309 929 2437 964 mm.
2467 929 2656 978 crassa,
2692 909 2781 964 ad-

644 1003 823 1067 spectu
853 993 1348 1068 griseo-lutescentia.
1420 994 1627 1049 Flores
1655 993 2041 1050 subannulatim
2070 996 2318 1070 dispositi.
2383 1002 2674 1052 Bracteae
2699 1017 2780 1053 co-

641 1081 829 1135 riaceae
863 1081 1388 1155 inflexo-subpeltatae
1425 1081 1958 1155 pubescenti-ciliatoe.
2034 1085 2312 1138 Stamina
2348 1088 2448 1152 3?‚
2490 1086 2789 1143 antherae

643 1168 968 1242 subglobosae
993 1168 1451 1236 luteo—albicantes,
1484 1168 1668 1223 loculis
1696 1169 1913 1242 singulis
1938 1169 2271 1244 subglobosis‚
2298 1173 2585 1229 connectivo
2615 1176 2782 1229 utrin-

642 1276 743 1332 que
778 1257 993 1312 adnatis.
1063 1257 1354 1312 Ovarium
1393 1255 1667 1311 obovatum
1698 1268 2017 1331 tetragonum
2053 1262 2234 1315 vertice
2264 1261 2553 1333 pubescenti
2582 1273 2781 1319 tomen·

641 1356 830 1402 tosum.
901 1346 1205 1419 Stigmata
1243 1351 1381 1400 3-4
1407 1346 1734 1401 teretiuscula
1755 1346 2101 1403 obtusiuscula
2133 1349 2325 1417 brevia,
2356 1349 2485 1405 sicca
2513 1361 2624 1405 atra
2653 1352 2775 1407 sub-

643 1434 842 1508 glabra.
898 1437 1119 1487 Baccae
1147 1432 1451 1486 immaturae
1480 1434 1650 1487 ovario
1677 1433 1953 1488 conformes
1978 1435 2063 1490 sed
2091 1437 2252 1510 magis
2279 1436 2783 1510 griseo-wmmtosae,

640 1524 701 1578 in
728 1541 843 1577 area
871 1520 1010 1575 nuda
1039 1521 1261 1594 vestigiis
1290 1522 1560 1576 verrucosis
1592 1522 1892 1595 stigmaticis
1922 1524 2076 1579 nudis
2104 1524 2382 1580 instructae
2410 1529 2529 1596 (sec.
2561 1546 2635 1601 sp.
2666 1528 2784 1599 cit.)

716 1611 933 1665 Adnot.
1005 1609 1084 1665 Ob
1127 1610 1341 1664 nimiam
1386 1628 1508 1664 cum
1552 1613 1615 1663 A.
1660 1610 1946 1680 colubrina,
2008 1632 2139 1687 quae
2185 1624 2262 1668 est
2299 1614 2482 1687 species
2515 1634 2609 1688 pro
2646 1616 2786 1672 vario

644 1698 752 1753 loco
802 1698 963 1753 natali
1013 1698 1339 1773 polymorpha
1354 1736 1373 1766 ‚
1434 1698 1827 1754 similitudinem
1879 1700 2101 1773 speciem
2149 1701 2334 1757 bonam
2385 1703 2632 1761 declarare
2681 1725 2785 1762 nou

643 1805 796 1843 ausus
829 1807 963 1843 sum.

733 1966 871 2028 154.
951 1970 1327 2028 mantue
1374 1967 1893 2039 adeuophora.
1978 1965 2181 2027 Ramis
2225 1969 2463 2047 petiolis
2505 1970 2789 2051 foliisque

650 2071 943 2150 utrinque
974 2068 1278 2148 glandulis
1308 2067 1516 2126 nitidis
1547 2069 1614 2126 in
1645 2069 1803 2128 sicco
1833 2068 2146 2129 atrofuscis
2169 2070 2414 2131 elevatis
2438 2075 2786 2151 conspersis,

650 2174 748 2233 his
791 2171 1261 2231 membranaceis
1323 2168 1982 2249 pellucido-punctatis,
2033 2171 2099 2229 in
2153 2172 2353 2231 nervis
2388 2173 2546 2253 (raro
2581 2174 2647 2232 in
2680 2196 2782 2237 ve·

645 2273 835 2358 nulis)
881 2275 1158 2354 inprimis
1210 2273 1435 2333 subtus.
1462 2292 1660 2351 sparse
1709 2292 2102 2352 appresseque
2148 2273 2434 2351 hirtellis‚
2489 2276 2783 2356 utrinque

644 2378 957 2458 subopacis
1014 2378 1222 2438 subtus
1279 2376 1800 2455 glaucescentibus
1813 2423 1832 2454 ,
1893 2375 2194 2455 oblongis,
2250 2377 2377 2436 basi
2430 2379 2778 2459 subaequali

646 2484 866 2560 acutis,
908 2481 1076 2561 apice
1108 2481 1375 2540 breviter
1414 2479 1801 2555 acuminatis,
1842 2480 2095 2539 amentis
2129 2480 2275 2542 folio
2308 2482 2612 2543 multoties
2644 2484 2778 2544 bre-

644 2589 913 2649 vioribus
957 2585 1334 2668 (pedunculo
1380 2583 1673 2664 petiolum
1719 2584 1849 2644 fere
1895 2584 2240 2669 superante)
2284 2587 2529 2647 deflexis
2562 2589 2775 2665 rectis,

643 2692 905 2753 bracteis
935 2690 1309 2770 pedicellatis
1341 2688 1579 2767 peltatis
1611 2687 1775 2766 pelta
1809 2687 2168 2767 triangulari
2196 2690 2404 2769 glabra
2429 2691 2781 2770 glandulosa

644 2796 1019 2874 marginibus
1053 2793 1525 2854 membranaceis
1556 2792 1998 2853 lacero-ciliata.

729 2899 1018 2958 Habitat
1063 2897 1129 2955 in
1174 2897 1421 2975 Guyaua
1470 2895 1688 2973 gallica
1732 2895 2035 2976 (Poiteaul
2087 2896 2403 2976 Leprieur!
2449 2919 2509 2958 n.
2559 2898 2672 2959 153
2709 2900 2777 2959 in

645 3003 822 3061 Herb.
860 3001 945 3061 De
984 2998 1165 3080 Less.)

720 3138 922 3188 Frutex.
998 3129 1295 3186 Ramulus
1326 3129 1697 3197 tardiusculus,
1726 3128 1916 3204 glaber,
1946 3130 2153 3186 striatas
2181 3131 2499 3202 vstidoecens,
2525 3133 2787 3209 glandulis

645 3221 931 3277 atro-fuscis
964 3218 1303 3292 semiglobosis
1343 3218 1520 3273 nitidis
1558 3237 1877 3292 conspersus,
1912 3217 2208 3273 internodiis
2243 3223 2386 3273 3—5
2420 3232 2550 3276 cent.
2587 3221 2782 3296 longis;

645 3310 768 3365 nodi
802 3306 1187 3374 tumidiusculi,
1219 3305 1516 3361 membrana
1555 3305 1792 3378 stipulari
1837 3304 2125 3378 majuscula
2157 3304 2329 3361 cincti.
2403 3307 2569 3364 Folia
2599 3309 2784 3385 subpa-

642 3397 788 3465 tuh,
823 3397 1046 3456 tenuiter
1075 3393 1475 3466 membranacea,
1511 3392 2059 3468 pellucido-punctam,
2090 3413 2239 3468 supra
2267 3406 2488 3451 saturata
2518 3398 2696 3453 viridia
2723 3409 2780 3454 et

647 3505 801 3560 opaca
829 3484 1082 3560 glandulis
1114 3483 1317 3557 sparsis,
1352 3483 1533 3538 subtus
1563 3481 1832 3556 pallidiora
1861 3481 2121 3539 subnitida
2150 3484 2406 3557 glandulis
2433 3487 2616 3542 crebris
2648 3498 2781 3544 atro-

642 3575 801 3631 fuscis
845 3574 1020 3628 nitidis
1063 3573 1142 3644 (in
1185 3571 1384 3645 petiolis
1427 3573 1609 3642 etiam)
1653 3590 1909 3646 conspersa
1924 3614 1940 3642 ,
1992 3571 2111 3645 pilis
2156 3572 2465 3628 fortiusculis
2505 3576 2686 3650 sparsis
2723 3579 2781 3633 in

645 3681 801 3717 nervo
828 3680 887 3715 ac
917 3662 1091 3730 costis,
1126 3679 1239 3714 raro
1270 3660 1325 3714 in
1355 3659 1580 3727 venuIiS,
1616 3658 1849 3732 inprimis
1877 3657 2056 3715 subtus
2085 3657 2275 3728 obsita,
2303 3661 2508 3734 juniora
2537 3665 2782 3738 margini-

646 3751 745 3807 bus
773 3750 1007 3824 inprimis
1035 3768 1202 3804 versus
1231 3750 1423 3823 apicem
1454 3749 1652 3816 ciliata‚
1681 3747 1937 3821 petiolis
1966 3752 2135 3818 1—1}
2165 3758 2299 3806 cent.
2325 3750 2505 3823 longis,
2530 3751 2780 3824 glabrius·

644 3840 779 3895 culis
793 3878 810 3907 ‚
847 3840 1011 3893 antica
1038 3838 1389 3893 canaliculatis
1418 3847 1674 3906 sustenta,
1708 3836 1922 3910 oblonga
1965 3836 2044 3891 vel
2075 3836 2638 3914 subcbovato—oblonga‚
2677 3840 2780 3896 alia

645 3948 830 4003 pamm
866 3928 966 3983 alia
1002 3927 1164 4000 magis
1196 3926 1590 4001 inaequilatera‚
1624 3926 1734 3980 basi
1764 3935 2032 3999 angustata
2063 3923 2165 3980 fere
2195 3927 2395 4001 aequali
2426 3939 2576 4016 acuta
2605 3929 2659 3983 in
2691 3949 2778 4003 pe-

643 4017 832 4071 tiolum
870 4015 1285 4069 subdecurrentia
1299 4056 1315 4084 ,
1356 4016 1494 4088 apice
1529 4024 1665 4068 recte
1697 4013 1777 4068 vel
1809 4014 2014 4089 oblique
2047 4015 2337 4069 acuminata
2351 4055 2368 4084 ,
2405 4017 2639 4071 acumine
2667 4017 2783 4073 bre-

640 4104 872 4159 viusculo
887 4141 904 4169 ‚
944 4101 1288 4157 obtusiusculo
1326 4104 1409 4157 vel
1445 4111 1651 4157 acutato
1664 4141 1681 4170 ‚
1726 4121 1827 4156 non
1860 4121 1973 4157 raro
2006 4101 2154 4158 dense
2182 4102 2384 4171 ciliato,
2415 4109 2773 4162 18—20-21

639 4201 770 4247 cent.
819 4192 991 4264 longa,
1040 4194 1075 4243 8
1122 4188 1242 4245 lata.
1315 4193 1357 4244 E
1399 4209 1554 4244 nervo
1602 4189 1768 4244 medio
1811 4201 2134 4263 percurrente
2175 4193 2493 4267 prominente
2535 4194 2780 4270 utrinqne

643 4283 783 4335 6-8
821 4289 982 4333 costae
1018 4276 1369 4333 adscendentes
1407 4277 1756 4332 tenuiusculae
1795 4278 2088 4354 (pluresque
2125 4291 2301 4336 tenues
2332 4281 2785 4356 subhorizontales)

644 4368 969 4440 exoriuntur,
1016 4386 1240 4443 quarum
1277 4387 1479 4424 summa
1512 4368 1580 4424 ad
1612 4367 1808 4441 apicem
1844 4371 2121 4443 percurrit,
2153 4370 2412 4430 inferiores
2443 4382 2544 4430 tres
2576 4371 2792 4446 reliquis
