3153 5134
1518 462 1524 471 η
1639 372 1763 440 132

635 576 822 652 pallide
864 573 1039 630 viridia
1084 572 1219 629 haud
1266 572 1560 643 reticulata,
1601 573 1802 648 glabra,
1838 573 2043 649 juniora
2085 590 2244 646 sparse
2281 572 2530 644 ciliolata,
2567 574 2685 650 pilis
2716 577 2774 631 in

631 664 770 738 apice
808 664 1007 719 diutius
1048 662 1424 737 persistentibus
1440 703 1456 730 ,
1501 662 1718 717 obsolete
1759 661 1997 716 trinervia
2012 701 2029 728 ,
2066 662 2229 715 nervis
2262 680 2447 735 parum
2479 662 2743 718 tumulosis
2758 704 2775 732 ,

612 752 905 828 'aliquando
937 744 1033 805 fere
1061 752 1179 805 totis
1209 748 1528 815 obsoletis,
1559 749 1817 823 petiolis
1844 748 2125 823 subglabris
2155 748 2397 823 profunde
2427 751 2775 807 canaliculatis

633 846 778 896 1-5
804 834 934 895 mm.
964 839 1160 912 longis,
1190 839 1246 892 in
1270 839 1397 893 sicco
1417 837 1685 912 pellucidis
1712 846 1963 903 sustenta,
1987 836 2149 890 forma
2172 837 2328 904 varia,
2349 836 2450 890 alia
2469 838 2673 895 omnino
2694 858 2769 893 ro-

625 928 791 984 tunda
823 931 968 981 4—-8
1014 946 1142 981 mm.
1188 926 1242 981 in
1288 927 1563 993 diametro,
1608 924 1709 978 alia
1753 925 1974 998 elliptica
2017 924 2097 979 vel
2139 924 2625 1000 obovato-elliptica,
2661 925 2769 980 basi

631 1026 781 1072 acuta
816 1020 851 1070 8
883 1033 1013 1070 mm.
1045 1014 1221 1088 longa,
1257 1020 1291 1069 5
1327 1014 1460 1083 lata,
1505 1013 1589 1068 sed
1631 1013 1757 1068 haec
1799 1013 1904 1067 illis
1948 1013 2152 1069 rariora.
2224 1017 2485 1069 Amenta
2530 1015 2586 1068 in
2633 1015 2772 1091 apice

628 1102 951 1159 ramulorum
1004 1101 1225 1156 solitaria
1272 1100 1647 1176 pedunculos
1701 1105 1846 1157 6-8
1899 1120 2027 1156 mm.
2081 1101 2256 1176 longos
2302 1102 2575 1176 puberulos
2625 1103 2773 1157 initio
2813 1138 2816 1139 ν

627 1189 966 1245 florescentiae
1017 1182 1218 1243 circiter
1264 1189 1534 1264 aequantia
1554 1227 1570 1255 ‚
1627 1184 1890 1243 filit’ormia
1941 1198 2075 1243 reeta
2088 1227 2105 1255 ‚
2167 1189 2399 1263 adspectu
2451 1189 2771 1263 nigricantia.

625 1282 910 1333 Bracteae
949 1275 1201 1350 juveniles
1245 1276 1448 1344 densae,
1485 1275 1892 1342 subimbricatae,
1927 1275 2162 1330 florentes
2204 1276 2493 1331 remotiores
2528 1276 2769 1349 peltatae,

626 1364 935 1432 subsessiles,
954 1363 1324 1432 suhrotundae,
1344 1363 1668 1431 atro-fuscae,
1690 1362 2006 1436 marginibus
2023 1363 2211 1437 pallide
2233 1363 2420 1419 fuscae.
2488 1364 2768 1418 Stamina

624 1450 743 1507 duo.
818 1451 1128 1507 Antherae
1159 1450 1467 1507 biloeulares.
1539 1452 1829 1507 Ovarium
1859 1462 1912 1506 et
1955 1452 2137 1508 bacca
2178 1454 2455 1509 immatura
2493 1469 2769 1528 parumper

625 1541 862 1594 immersa
896 1546 1043 1593 ovata
1077 1538 1213 1611 apice
1248 1538 1582 1611 stigmatifera
1632 1541 1750 1610 (sec.
1786 1559 1859 1613 sp.
1896 1540 2137 1611 Heraud.)

698 1632 761 1681 In
799 1625 971 1680 Herb.
1006 1629 1087 1679 De
1123 1629 1274 1679 Less.
1317 1625 1594 1699 specimina
1638 1626 1826 1680 sterilia
1867 1637 2063 1682 exstant
2092 1629 2182 1699 (an
2212 1647 2272 1683 et
2305 1627 2454 1684 Herb.
2487 1629 2764 1698 Venten.?)

621 1713 720 1770 fere
755 1714 1014 1789 glabreta,
1050 1715 1301 1788 compagis
1329 1715 1505 1789 paullo
1539 1717 1784 1772 crassioris
1813 1727 1864 1770 et
1896 1716 2068 1772 minus
2104 1717 2407 1792 pellucidae,
2442 1716 2613 1771 foliis
2648 1717 2767 1772 sub-

620 1801 853 1857 rotundis
897 1801 977 1857 vel
1024 1800 1599 1878 submtundo-ellipticis
1613 1843 1630 1873 ,
1680 1804 1896 1878 glabris,
1949 1805 2117 1860 rarius
2160 1806 2225 1861 ad
2272 1806 2466 1880 apicem
2497 1804 2762 1873 ciliolatis,

619 1887 902 1962 majoribus
925 1893 997 1943 12
1026 1907 1156 1943 mm.
1189 1888 1373 1964 longis,
1412 1891 1602 1961 nervis,
1637 1891 1877 1967 inprimis
1913 1891 2101 1961 medio,
2136 1892 2311 1967 paullo
2339 1891 2680 1962 crassioribus,
2715 1901 2774 1947 et*

619 1975 889 2031 ramulosis
923 1975 1187 2032 instructa.

704 2162 804 2226 98·
885 2171 1337 2240 Paper-omia
1377 2174 1645 2231 retusa
1677 2172 1753 2230 A.
1783 2170 1974 2230 Dietr.
2007 2171 2108 2252 Sp.
2124 2172 2216 2250 pl.
2256 2172 2413 2231 Tom.
2433 2169 2490 2230 I.
2572 2169 2762 2247 Piper

621 2267 802 2327 Linn.
817 2268 918 2348 fil.
950 2268 1155 2350 Suppl.
1175 2272 1260 2350 pl.
1283 2293 1351 2351 p.
1381 2268 1479 2332 91.
1566 2273 1786 2332 Glabra
1812 2272 2512 2348 succulento-herbacea,
2546 2289 2766 2348 repens
2816 2277 2821 2283 '

621 2369 989 2430 adscendens
1005 2416 1026 2446 ,
1076 2368 1235 2431 foliis
1269 2374 1550 2453 oppositis
1595 2373 1914 2434 alternisve
1951 2373 2255 2453 petiolatis
2291 2374 2479 2435 ovatis
2494 2417 2513 2449 ,
2555 2372 2761 2433 subro-

621 2472 887 2534 tundatis
938 2473 1036 2554 vel
1086 2472 1351 2535 obovatis
1397 2475 1725 2535 subretusis
1738 2520 1757 2553 ,
1810 2475 2618 2537 uninervi-multieostulatis
2660 2473 2760 2536 vel

621 2577 1040 2637 subtrinerviis
1058 2622 1076 2653 ‚
1117 2578 1289 2657 apice
1340 2577 1668 2657 aliquando
1719 2579 2104 2640 subtilissime
2151 2579 2434 2640 eiliolatis
2452 2623 2472 2655 ,
2511 2577 2765 2637 amentis

621 2678 1042 2740 terminalibus
1073 2679 1436 2760 plerumque
1470 2681 1783 2760 solitariis,
1825 2682 2075 2746 demum
2115 2682 2524 2759 remotifloris,
2563 2680 2764 2742 baccis

618 2783 811 2862 nigris
848 2782 1219 2861 subglobosis
1256 2803 1473 2862 parum
1512 2785 1827 2846 immersis.
1934 2771 1946 2785 ⁶

706 2886 1004 2946 Habitat
1045 2886 1109 2944 in
1145 2883 1560 2947 Promontorio
1584 2887 1783 2949 Bonae
1811 2890 1949 2968 Spei
1972 2889 2326 2971 (Thunberg
2353 2886 2519 2967 apud
2551 2886 2762 2960 Linn.,

629 2982 809 3050 Herb.
846 2988 932 3048 De
967 2985 1170 3049 Vriese
1187 2987 1263 3068 Ξ),
1305 2988 1536 3051 ibidem
1567 2990 1645 3051 ad
1673 2990 2109 3054 Kerstenbosch
2140 2991 2443 3075 (Bergiusl
2485 2989 2553 3048 in
2581 2985 2756 3047 Ilerb.

625 3113 748 3172 reg.
788 3091 978 3152 berol.
1017 3098 1080 3151 et
1118 3091 1205 3151 De
1243 3087 1424 3171 Less.)

691 3228 859 3285 Herba
893 3247 1121 3298 carnosa,
1154 3248 1360 3305 repens3
1395 3232 1549 3288 rami
1579 3232 2079 3300 adscendenti·erecti
2109 3226 2379 3303 spithamei
2405 3225 2656 3301 simplices
2685 3221 2765 3279 vel

621 3316 908 3374 dichotome
937 3317 1149 3384 ramosi,
1187 3319 1621 3394 tereti-compressi
1651 3323 1732 3390 (ex
1757 3332 1989 3372 Limum
2016 3316 2308 3389 ancipites),
2346 3313 2526 3387 glabri.
2598 3311 2770 3369 Folia

618 3396 859 3482 pleraque
900 3403 1124 3478 opposita
1169 3404 1249 3475 (in
1290 3406 1623 3479 vegetioribus
1663 3403 1804 3459 haud
1833 3422 1948 3459 raro
1979 3404 2223 3474 alterna),
2257 3401 2465 3478 patula,
2499 3402 2758 3475 1-p1ura

619 3502 753 3549 cent.
776 3489 1041 3559 distantia,
1065 3490 1321 3563 petiolis
1343 3489 1711 3546 semiteretibus
1731 3490 2031 3564 marginatis
2058 3494 2202 3545 2-——6
2226 3508 2387 3559 mm„
2406 3507 2519 3544 raro
2541 3495 2615 3563 ¹3·
2629 3501 2763 3549 cent.

610 3581 780 3655 longis
802 3589 1052 3649 sustenta,
1075 3578 1615 3647 carnoso-succulenta,
1638 3578 1763 3633 sicca
1784 3580 2371 3647 crasso-membranacea,
2391 3577 2761 3653 subpellueida,

614 3668 760 3726 haud
790 3677 1067 3742 punctata,
1104 3669 1343 3741 utrinque
1369 3666 1567 3740 glabra,
1599 3666 1738 3740 apice
1769 3666 1909 3722 nuda
1939 3668 2019 3723 vel
2048 3667 2317 3723 tenerrime
2344 3665 2593 3733 ciliolata,
2631 3685 2762 3721 mar-

617 3755 825 3832 ginibus
871 3754 1194 3811 subrevoluta
1210 3794 1227 3824 ,
1277 3752 1783 3810 obovato-rotundata
1827 3764 1919 3810 aut
1967 3752 2489 3827 elliptico-rotundata
2539 3752 2619 3806 vel
2666 3750 2765 3806 fere

615 3856 761 3903 ovata
777 3886 794 3914 ‚
815 3846 952 3920 apice
981 3845 1084 3901 lato
1104 3843 1400 3911 rotundato,
1444 3843 1500 3897 in
1529 3843 1833 3918 quibusdam
1862 3844 2153 3911 subretuso,
2189 3842 2427 3899 inferiora
2456 3845 2491 3895 8
2511 3842 2756 3893 ‘mn-1

618 3943 756 3991 cent.
783 3935 958 4009 longa,
996 3937 1031 3989 6
1062 3950 1192 3986 mm.
1226 3931 1363 3997 lata,
1398 3930 1650 4004 superiora
1695 3950 1837 4007 saepe
1878 3932 2073 4006 majora
2105 3935 2179 4000 1}
2219 3940 2350 3986 cent.
2387 3928 2562 3999 longa,
2589 3928 2621 3979 1
2655 3923 2763 3980 lata

615 4021 698 4077 vel
739 4030 791 4075 et
839 4020 1016 4074 latiora
1032 4056 1050 4087 ,
1095 4034 1246 4071 nervo
1291 4015 1454 4070 medio
1504 4016 1683 4072 subtus
1723 4019 2030 4094 prominulo·
2059 4020 2305 4095 utrinque
2348 4014 2517 4088 plures
2548 4012 2763 4069 costulas

610 4128 818 4166 venosas
859 4125 1027 4163 versus
1059 4105 1311 4178 margines
1345 4103 1696 4161 adscendentes
1725 4106 2011 4164 dichotomc
2051 4123 2267 4163 ramosas
2302 4101 2598 4167 emittente,
2631 4120 2758 4177 qua-

614 4215 736 4251 rum
787 4195 1026 4269 utrinque
1071 4196 1103 4245 1
1153 4191 1234 4246 vel
1276 4197 1310 4247 2
1343 4210 1372 4247 e
1413 4192 1550 4262 basi,
1604 4192 1726 4250 hinc
1770 4194 1959 4251 subtri-
2005 4195 2087 4250 vel
2118 4190 2529 4268 quintuplincrve
2571 4187 2754 4243 folium

616 4283 906 4340 dicendum.
977 4288 1236 4338 Amcnta
1265 4282 1553 4340 terminalia
1586 4282 1888 4360 plerumque
1914 4281 2141 4341 solitaria
2168 4288 2356 4346 erecta,
2391 4275 2760 4353 pedunculis

618 4374 798 4433 1—1}
829 4379 945 4424 oent
977 4369 1137 4445 longis
1166 4369 1356 4446 glabris
1392 4371 1631 4430 tenuibus
1666 4382 1921 4442 sustenta,
1954 4386 2182 4441 carnosa,
2216 4366 2430 4442 glabra,
2462 4365 2772 4443 pedunculos
