3153 5134
1449 353 1582 421 287

426 558 457 607 1
494 558 630 609 cent.
659 551 713 607 in
745 550 902 608 diam.
977 553 1118 607 Gem
1131 551 1260 607 mae
1289 570 1468 626 parvae
1494 554 1761 624 ovoidoee,
1795 555 1853 610 in
1879 556 2023 613 siccis
2050 557 2370 618 atro—fuscae.
2404 559 2581 622 Folia

425 640 648 708 alterna,
681 638 880 712 glabra,
909 638 1154 707 coriacea,
1177 638 1437 694 subtiliter
1464 640 2015 717 pellucido-punctam,
2045 664 2196 718 supra
2226 648 2309 702 vix
2340 649 2582 721 nitentia,

425 727 606 783 subtus
647 726 837 800 pallide
882 726 1094 795 viridia,
1146 726 1592 801 albo-punctulata
1640 732 1753 801 (nec
1787 732 1845 786 in
1871 733 2058 805 siccis),
2107 736 2271 790 nervis
2304 739 2585 811 majoribus

428 815 869 889 prominentibus,
904 815 1222 870 nascentium
1253 817 1511 890 petiolis
1549 818 1828 891 puberulis.
1900 825 1964 874 ln
1994 821 2193 896 stirpe
2223 842 2402 880 masc.
2435 824 2584 882 folia

423 905 724 961 inferiora
771 915 943 973 ovata,
995 923 1164 959 versus
1217 906 1412 978 apicem
1444 904 1740 961 brevissime
1776 908 2068 963 acuminata
2086 947 2104 976 ,
2139 909 2312 984 ibique
2355 912 2584 969 subinae·

431 992 605 1067 qualia
649 1011 755 1047 uno
801 993 1034 1065 margine
1081 992 1239 1047 altero
1273 993 1594 1062 convexiore,
1630 993 1740 1048 basi
1772 995 2106 1070 inaequaliter
2134 997 2433 1054 subcordata
2448 1040 2465 1069 ,
2497 1020 2588 1057 su·

433 1099 638 1153 prema
691 1089 769 1135 ter
810 1090 1051 1156 quaterve
1077 1080 1276 1135 minora
1305 1080 1710 1136 lato-lanceolata
1742 1082 2290 1153 acuto-obtusiuscula,
2329 1087 2438 1142 basi
2465 1088 2585 1143 sub—

428 1168 714 1243 inaequalia
759 1178 852 1224 aut
892 1168 1119 1242 oblique
1147 1169 1327 1223 leviter
1365 1170 1680 1244 emarginata
1697 1208 1715 1238 ,
1749 1170 1927 1226 lobulo
1959 1174 2150 1246 majore
2180 1174 2430 1246 petiolum
2463 1176 2583 1231 sub—

425 1265 640 1331 tegente.
713 1260 757 1311 E
804 1276 957 1312 nervo
997 1256 1166 1311 medio
1212 1257 1450 1311 crassiore
1494 1257 1552 1311 in
1598 1257 1728 1312 sicco
1781 1257 1964 1313 subtus
1993 1258 2172 1313 striato
2202 1269 2373 1316 totum
2403 1262 2585 1319 folium
2661 1319 2664 1323 ,

418 1355 764 1417 percurrente,
833 1343 1011 1418 paullo
1060 1363 1211 1417 supra
1255 1344 1364 1400 folii
1410 1344 1556 1399 basin
1608 1346 1850 1420 utrinque
1895 1350 2038 1402 3-4
2090 1347 2386 1403 alternatim
2437 1354 2582 1409 nervi

421 1433 690 1500 oriuntur,
728 1451 951 1507 quorum
1000 1432 1103 1486 duo
1146 1430 1319 1485 infimi
1353 1451 1506 1512 prope
1538 1432 1686 1487 basin
1716 1432 2036 1507 subopposite
2066 1434 2166 1489 orti
2197 1434 2481 1493 lateraliter
2507 1438 2584 1495 di—

422 1531 679 1595 vergentes
706 1521 761 1574 in
785 1518 1019 1574 inferiore
1047 1529 1100 1573 et
1128 1519 1295 1573 media
1319 1519 1512 1574 lamina
1532 1530 1861 1588 evanescunt,
1885 1520 1940 1574 in
1968 1531 2300 1577 anastomoses
2320 1524 2581 1598 abeuntes,

422 1610 526 1666 duo
556 1608 832 1683 superiores
860 1627 1001 1681 saepe
1026 1607 1251 1663 fortiores
1278 1608 1528 1682 longiores
1541 1628 1694 1682 supra
1712 1608 1942 1662 medium
1961 1608 2145 1663 stolium
2164 1610 2579 1687 plerumquefere

420 1701 487 1754 ad
535 1697 727 1772 apicem
757 1693 978 1763 extensi3
1015 1694 1097 1747 illi
1127 1713 1250 1749 cum
1284 1694 1495 1768 reliquis
1525 1695 1926 1750 anastomosibus
1956 1696 2266 1751 confluentes
2295 1698 2360 1753 ad
2389 1702 2580 1774 margi-

420 1805 540 1841 nem
584 1784 902 1838 decurrentes
917 1820 935 1849 ,
987 1800 1076 1854 per
1126 1792 1456 1837 anastomoses
1497 1801 1652 1857 supra
1692 1782 1923 1837 medium
1949 1780 2135 1837 folium
2164 1783 2444 1843 ducuntur.
2516 1794 2579 1843 ln

424 1873 673 1949 superiore
705 1869 815 1926 folii
851 1880 996 1943 parte
1040 1889 1177 1925 unus
1220 1870 1407 1925 alterve
1439 1870 1618 1925 fortior
1651 1888 1830 1924 nervus
1862 1888 1890 1923 e
1918 1890 1973 1925 n.
2005 1871 2168 1931 medio
2196 1875 2447 1945 erumpit,
2477 1875 2580 1936 tere

423 1962 488 2017 ad
537 1960 735 2034 apicem
775 1957 977 2013 ductus.
1070 1961 1258 2012 Omnes
1304 1958 1442 2012 nervi
1488 1956 1886 2012 anastomosibus
1926 1958 2221 2013 transversis
2260 1961 2578 2033 regularibus

424 2052 682 2124 eleganter
712 2046 917 2122 juncti,
953 2046 1139 2101 areolas
1173 2046 1387 2120 majores
1417 2044 1844 2121 quadrangulares
1879 2055 1972 2100 aut
2010 2046 2385 2104 rhomboidales
2427 2049 2575 2107 effor-

422 2149 624 2194 mantes
642 2176 660 2204 ,
700 2136 758 2190 in
803 2135 1018 2189 minores
1059 2135 1325 2209 angulosas
1351 2134 1687 2209 polygonasve
1718 2134 1976 2189 interdum
2005 2135 2204 2191 divisas,
2276 2138 2577 2195 Areolarum

420 2225 715 2281 lateralium
757 2243 936 2298 margo
987 2232 1224 2278 externus
1270 2242 1517 2278 convexus
1564 2221 1674 2277 folii
1719 2223 2003 2296 marginem
2049 2243 2152 2279 non
2182 2227 2354 2299 tangit
2371 2264 2388 2296 ‚
2422 2247 2580 2303 quare

425 2315 671 2368 nervulus
702 2312 845 2388 quasi
873 2310 1158 2368 undulatus
1186 2314 1240 2383 (e
1271 2312 1484 2366 nervulo
1513 2310 1608 2365 illo
1634 2309 1817 2365 infimo
1844 2309 2042 2365 laterali
2068 2312 2214 2384 quasi
2236 2317 2404 2385 ortus)
2425 2336 2577 2390 prope

421 2402 575 2457 illum
624 2401 863 2455 decurrit.
950 2404 1139 2455 Omnes
1184 2401 1240 2454 in
1284 2400 1516 2454 interiore
1557 2398 1744 2472 pagina
1788 2398 1953 2472 magis
1998 2400 2286 2472 prominent
2326 2420 2483 2475 quam
2518 2405 2577 2460 in

422 2492 689 2565 superiore.
761 2487 987 2543 Petioli
1019 2488 1188 2543 breves
1217 2488 1386 2543 antice
1418 2486 1776 2554 canaliculati,
1810 2497 1863 2540 et
1894 2487 1957 2541 ad
1990 2486 2135 2542 basin
2162 2487 2220 2542 in
2249 2489 2388 2544 siccis
2414 2501 2578 2547 trans-

422 2596 558 2634 verse
590 2577 1010 2645 calloso-sulcati,
1036 2577 1225 2650 postice
1251 2587 1453 2645 teretes,
1477 2575 1672 2648 saepius
1695 2574 2018 2647 aliquomodo
2044 2575 2194 2642 flexi,
2219 2575 2342 2631 folio
2361 2577 2577 2636 subinde

421 2670 486 2724 ad
532 2668 669 2723 latus
713 2666 997 2741 oppositum
1038 2667 1084 2720 ei
1132 2684 1161 2720 e
1207 2685 1309 2740 quo
1343 2664 1570 2737 erumpit
1584 2702 1601 2732 ,
1632 2663 1821 2716 directo
1853 2671 1907 2717 et
1938 2662 2003 2716 ob
2033 2673 2288 2735 patentem
2317 2685 2576 2724 ramorum

421 2757 582 2812 situm
613 2755 748 2810 foliis
775 2753 1039 2820 omnibus,
1070 2752 1252 2827 pagina
1274 2752 1523 2826 superiore
1552 2769 1724 2806 versus
1738 2749 1908 2804 lucem
1923 2749 2188 2817 tendente,
2214 2750 2344 2806 hanc
2372 2772 2574 2827 sin-sum

421 2844 703 2901 ferentibus
740 2853 793 2898 et
826 2843 882 2897 in
913 2861 1019 2896 uno
1049 2841 1152 2895 fere
1180 2841 1333 2915 plano
1369 2838 1679 2915 jacentibus.
1771 2839 1944 2893 Folia
1992 2839 2298 2895 inferiora
2331 2847 2401 2897 13
2439 2854 2576 2903 cent.

423 2934 603 3008 longa,
637 2931 803 2987 medio
838 2936 872 2985 7
900 2930 1039 2998 lata,
1075 2928 1401 3002 sequentia
1432 2934 1467 2982 5
1494 2927 1630 2994 lata,
1663 2927 1977 3000 superiora
2010 2933 2083 2982 10
2106 2927 2284 3002 longa,
2321 2930 2378 2984 in
2407 2932 2576 2989 medio

417 3026 453 3079 3
502 3024 632 3078 latai
685 3038 966 3095 suprema
1011 3019 1241 3073 nondum
1289 3018 1467 3072 adulta
1508 3021 1542 3071 6
1590 3016 1758 3088 longa.
1832 3014 2059 3070 Petioli
2106 3015 2308 3071 circiter
2357 3023 2387 3072 1
2436 3030 2570 3076 cent.

423 3112 584 3185 longi.
619 3142 691 3152 --
728 3109 903 3165 Folia
945 3107 1161 3181 stirpis
1207 3106 1501 3161 femineae
1546 3104 1605 3158 in
1636 3103 1933 3158 universum
1963 3102 2128 3176 magis
2151 3103 2406 3178 elliptica,
2440 3108 2582 3181 apice

424 3201 589 3275 magis
632 3198 951 3255 acutiuscula
966 3236 984 3265 ,
1038 3206 1131 3252 aut
1169 3194 1476 3262 lanceolata,
1512 3192 1622 3247 basi
1651 3191 1825 3245 minus
1852 3189 2058 3264 obliqua
2072 3228 2092 3257 ,
2127 3191 2208 3246 vix
2241 3192 2542 3252 subcordata
2555 3234 2575 3266 ,

423 3289 588 3362 magis
636 3287 908 3342 rotundata
922 3325 939 3354 ,
991 3286 1155 3340 nervis
1199 3283 1443 3358 utrinque
1469 3281 1669 3337 duobus
1697 3299 1848 3354 prope
1875 3279 2020 3334 basin
2033 3318 2051 3347 ‚
2103 3289 2157 3334 et
2186 3301 2284 3336 uno
2314 3283 2572 3344 duobusve

423 3376 481 3430 in
527 3376 698 3431 medio
740 3373 860 3428 folio
904 3381 998 3427 aut
1043 3392 1192 3447 supra
1238 3373 1467 3426 medium
1512 3370 1656 3426 ortis.
1757 3370 1976 3424 Illorum
2030 3369 2202 3424 infimi
2245 3372 2571 3428 subtilissimi

427 3463 764 3535 marginales,
799 3479 1007 3534 sequens
1029 3479 1182 3532 supra
1212 3459 1437 3513 medium
1464 3458 1650 3514 ductus
1680 3457 1889 3525 fortior,
1926 3457 2005 3511 his
2032 3477 2123 3531 per
2147 3469 2474 3516 anastomosoe
2502 3463 2571 3518 ad

426 3551 621 3624 apicem
651 3547 991 3603 tendentibus.
1063 3546 1291 3601 Petioli
1317 3542 1567 3621 longiores
1590 3546 1752 3622 ‘quam
1780 3547 1837 3601 in
1865 3546 2045 3620 planta
2074 3548 2388 3618 masculina,
2424 3555 2568 3606 1—2

422 3649 554 3696 cent.
586 3638 759 3713 longi,
779 3637 1063 3712 graciliores
1097 3638 1251 3707 (num
1287 3639 1522 3710 semper).
1598 3627 1773 3691 Folia
1804 3635 1939 3690 sicca
1969 3636 2141 3690 omnia
2171 3636 2347 3692 eoloris
2374 3640 2571 3696 sordide

426 3727 923 3803 griseo-ssavicantiS,
952 3724 1400 3781 subcinnamomei.
1418 3724 1704 3780 ——Flores
1731 3723 1879 3778 dioici
1895 3724 1951 3778 in
1974 3725 2309 3780 amentisin
2325 3730 2575 3802 superiore

421 3836 686 3873 ramorum
736 3825 879 3890 parte
921 3810 1268 3888 oppositit'oliis
1297 3811 1822 3887 brevi-pedunculztis
1850 3810 1965 3884 plus
1994 3812 2167 3867 minus
2194 3816 2448 3869 arcuatim
2479 3819 2571 3873 sse-

421 3907 530 3975 xis,
565 3926 678 3961 raro
705 3904 962 3960 subrectis.
1053 3907 1382 3957 Amentum
1411 3921 1591 3957 masc.
1618 3899 1839 3974 gracile,
1875 3899 2259 3973 cylindraceum
2277 3939 2295 3969 ,
2330 3903 2574 3960 obtusum

339 3998 345 4004 ’
425 3998 607 4062 2÷-5
640 4004 775 4050 cent.
803 3992 1014 4065 longum
1032 4029 1049 4057 ,
1081 3995 1115 4044 2
1141 4010 1270 4046 mm.
1301 3991 1356 4044 in
1389 3990 1519 4044 sicco
1552 3991 1658 4043 sere
1685 4006 1909 4042 crassum
1927 4024 1945 4054 ,
1979 4007 2039 4041 ex
2068 3987 2210 4042 icone
2238 3989 2302 4043 ad
2332 3999 2573 4048 naturam

422 4083 558 4139 facta
606 4089 639 4138 3
691 4102 819 4136 mm.
859 4088 911 4134 et
939 4078 1109 4145 ultra,
1146 4097 1313 4131 versus
1340 4077 1535 4151 apicem
1564 4085 1914 4150 angustatum.
1994 4076 2384 4132 Pedunculus
2411 4078 2576 4137 brevis

423 4182 549 4228 teres
576 4172 761 4239 laevis,
799 4170 857 4223 in
886 4169 1013 4222 sicco
1041 4164 1341 4233 striatuluS,
1380 4170 1410 4219 1
1449 4175 1582 4220 cent.
1614 4164 1813 4238 longus.
1859 4164 2120 4218 Ramulo
2154 4163 2292 4218 brevi
2320 4167 2567 4242 tenuique

420 4260 697 4336 aliquando
725 4259 941 4314 insidens
971 4253 1195 4310 axillaris
1228 4261 1349 4306 tunc
1383 4252 1602 4307 videtur.
1649 4250 2273 4320 Bracteaeimbricatae,
2289 4251 2552 4328 oblongae,

422 4350 630 4411 obtusae
645 4390 663 4422 ‚
713 4350 882 4408 fuscae
900 4387 916 4419 ,
967 4345 1208 4411 nitenteS,
1251 4340 1417 4396 medio
1466 4339 1864 4395 subincrassatae
1882 4379 1898 4406 ,
1934 4338 2069 4395 infra
2102 4331 2331 4439 medium
2359 4342 2566 4415 affixae,
