3153 5134
1439 414 1572 479 243

417 603 678 662 Suffrutex
700 612 854 674 }—1
895 617 1028 666 cent.
1065 608 1232 677 altus,
1268 608 1480 666 radice
1515 610 1708 685 lignosa
1742 633 1961 685 ramosa,
1999 616 2281 675 dichotome
2314 622 2565 693 ramosus,

413 695 763 753 stolo-nibus
785 698 1099 752 sarmentosis
1119 696 1371 753 sterilibus
1384 698 1634 772 profunde
1654 703 1997 760 radicantibus
2009 716 2063 761 et
2076 708 2382 781 repentibus,
2407 711 2561 768 fruc·

412 780 569 835 tifer
602 793 813 837 erectus.
887 783 1060 838 Rami
1098 784 1365 858 cylindriei
1397 786 1746 843 cinereo-fusci
1782 791 1950 851 striati
1986 795 2244 869 subglabri
2276 808 2370 852 aut
2398 799 2560 871 pube·

413 868 793 943 rulo-adspersi,
824 872 1118 927 internodiis
1142 877 1324 928 6—10
1345 885 1477 929 cent.
1493 875 1947 949 longiS,sterilium
1959 881 2292 955 longioribus,
2322 888 2560 942 ramuli

412 955 894 1031 birtello-puberuli.
966 959 1134 1014 Folia
1162 960 1327 1034 rigide
1356 961 1741 1017 membranacea
1769 965 2094 1022 subtilissime
2122 969 2559 1047 pellucidospunc·

413 1051 522 1098 tata
553 1064 701 1118 supra
726 1047 859 1101 laete
887 1046 1092 1114 viridia,
1126 1046 1345 1100 nitentia
1358 1086 1375 1114 ,
1408 1048 1617 1120 glabra,
1652 1049 1830 1104 adulta
1863 1055 2178 1110 verruculosa
2208 1056 2328 1112 hinc
2355 1069 2559 1117 attactu

412 1150 513 1185 non
546 1134 753 1188 omnino
784 1134 973 1201 laevia,
1011 1133 1192 1188 subtus
1219 1132 1407 1206 pallide
1436 1136 1620 1209 glauca
1651 1156 1922 1212 parumper
1955 1141 2192 1211 nitentia,
2229 1145 2294 1199 ad
2323 1145 2470 1202 basin
2496 1149 2555 1203 in

410 1220 574 1274 nervis
618 1220 880 1294 inprimis,
931 1220 1214 1294 petioloque
1247 1221 1828 1295 birtelIo-pubescentia,
1875 1227 2176 1285 inferiora
2224 1232 2370 1306 longe
2397 1236 2553 1307 petio—

407 1306 546 1374 lum,
589 1308 836 1381 petiolis
875 1302 1040 1361 antice
1083 1307 1459 1374 canaliculatiS‚
1503 1308 1639 1364 infra
1680 1311 1929 1367 laminam
1961 1317 2135 1388 paullo
2166 1319 2421 1391 dilatatis»,
2445 1322 2552 1379 basi

404 1393 619 1461 dilatata
644 1396 836 1450 nodum
863 1394 1311 1468 amplectentibus),
1342 1401 1488 1451 2—'7
1518 1407 1650 1452 cent.
1679 1398 1863 1472 longiS,
1894 1403 2416 1476 rotundato-cordata,
2442 1410 2551 1467 imo

402 1482 1007 1549 subrenitbrmi-cordata,
1033 1492 1127 1536 aut
1151 1484 1839 1556 ovato-rotundato-cordata,
1867 1489 2203 1564 aequilatera,
2228 1495 2358 1550 lobis
2381 1496 2553 1554 baseos

405 1570 522 1626 latis
550 1570 943 1644 divergentibus,
968 1569 1106 1642 apice
1136 1569 1355 1624 breviter
1384 1581 1436 1625 et
1464 1571 1639 1626 obtuse
1661 1575 1970 1645 acuminata,
2001 1578 2101 1632 alia
2128 1585 2197 1646 3}
2224 1592 2355 1638 cent.
2378 1583 2548 1659 longa,

400 1652 439 1711 ‘5
471 1658 602 1726 lata,
637 1659 739 1712 alia
771 1663 845 1712 12
878 1656 1049 1730 longa,
1083 1661 1191 1724 10}
1225 1656 1358 1724 lata,
1395 1658 1496 1713 alia
1528 1663 1564 1714 9
1598 1660 1748 1735 longa
1780 1673 1832 1716 et
1864 1669 1898 1718 8
1929 1665 2065 1734 lata3
2102 1674 2549 1743 semptemnervia3

399 1746 564 1800 nervis
609 1750 645 1800 3
690 1744 870 1799 mediis
916 1743 981 1797 ad
1024 1743 1216 1816 apicem
1260 1746 1672 1818 percurrentibus
1687 1787 1704 1815 ,
1752 1748 1959 1824 reliquis
2004 1751 2345 1823 brevioribus,
2386 1757 2547 1814 latere

397 1833 640 1887 exteriore
685 1830 939 1906 imprimis
984 1831 1192 1885 ramosis
1207 1870 1224 1898 ‚
1273 1830 1511 1886 omnibus
1559 1836 1956 1891 anastomosibus
1999 1839 2313 1912 conjunctiS,
2367 1844 2548 1901 subtus

398 1919 706 1996 prominulis
738 1917 1003 1977 ochraeeiS.
1075 1917 1251 1972 Folia
1289 1919 1600 1991 superiora
1642 1924 1823 1976 sensim
1862 1923 2064 1980 brevius
2093 1928 2335 1999 petiolata
2366 1941 2419 1985 et
2452 1952 2544 1987 an—

397 2009 620 2081 gustiora
633 2046 650 2076 ,
694 2017 840 2062 ovata
853 2045 871 2072 ,
915 2005 1328 2078 ovato-oblonga,
1375 2025 1651 2080 parumper
1694 2009 2054 2084 inaequilatera
2070 2053 2088 2080 ,
2136 2013 2242 2069 basi
2290 2017 2545 2093 inaequali

397 2097 666 2152 rotundata
705 2098 787 2152 vel
827 2096 1152 2163 subcordata,
1195 2097 1334 2169 apice
1374 2098 1693 2166 acuminata,
1730 2100 1965 2155 acumine
1997 2113 2147 2158 acuto
2179 2104 2258 2158 vel
2290 2105 2543 2163 obtusius·

397 2181 537 2249 culo,
583 2189 723 2239 ’7-9
762 2193 896 2240 cent.
932 2183 1110 2257 longa,
1145 2186 1360 2250 34—ss
1391 2183 1523 2252 lata,
1559 2185 2097 2261 quintupli-rarissime
2129 2191 2355 2248 nervulis
2383 2213 2542 2250 acces-

396 2268 534 2323 soriis
561 2271 1075 2345 subseptuplinervia,
1112 2269 1312 2325 laterali
1342 2271 1584 2346 utrinque
1610 2291 1761 2345 supra
1788 2273 1931 2328 basin
1962 2285 2073 2330 orto
2099 2277 2163 2331 ad
2193 2279 2387 2352 apicem
2417 2300 2541 2336 cum

398 2373 453 2409 n.
480 2356 646 2411 medio
673 2368 1013 2430 percurrente,
1041 2357 1252 2431 reliquis
1276 2375 1303 2411 e
1329 2357 1436 2412 basi
1463 2359 1587 2413 ortis
1614 2360 1940 2416 brevioribus.
2001 2365 2218 2420 Petioli
2245 2368 2297 2421 in
2325 2370 2542 2424 summis

395 2441 666 2516 aliquando
716 2445 879 2513 nulli,
932 2450 1002 2511 1}
1049 2449 1289 2521 cent—2
1338 2464 1471 2500 mm.
1517 2446 1672 2519 longi.
1755 2448 2041 2522 Stipulae
2079 2461 2141 2504 ut
2177 2453 2230 2506 in
2270 2454 2536 2511 Chavica

389 2529 792 2606 Roxburghii.
861 2536 1121 2587 Amenta
1156 2518 1415 2587 feminea
1449 2532 1506 2587 in
1541 2533 1757 2588 summis
1784 2535 1942 2590 ramis
1973 2538 2309 2611 oppositifolia
2341 2542 2394 2595 in
2432 2560 2538 2615 spe-

392 2616 581 2673 cimine
612 2619 768 2675 Roxb.
798 2621 1027 2675 nondum
1055 2619 1272 2693 perfecta
1301 2620 1670 2692 pedunculis
1700 2626 1734 2675 6
1765 2641 1893 2678 mm.
1920 2623 2086 2697 longis
2110 2626 2354 2697 suffulta,
2388 2615 2532 2685 5-6

392 2724 524 2764 mm.
555 2707 728 2781 longa,
764 2708 1041 2783 cylindrica
1072 2706 1253 2761 obtusa
1285 2708 1404 2777 (sec.
1435 2726 1510 2779 sp.
1541 2707 1728 2778 Roxb.)
1802 2713 1859 2762 ln
1888 2710 2158 2781 specimine
2186 2712 2290 2768 Hb.
2322 2718 2534 2770 Vente-

390 2795 632 2854 natiani
671 2796 875 2865 adulta,
913 2793 1149 2851 florentia
1180 2804 1233 2848 et
1262 2791 1507 2847 baccifera
1543 2793 1831 2862 suberecta,
1866 2796 2236 2869 pedunculis
2264 2800 2533 2873 puberulo-

378 2880 644 2951 -hirsellis,
684 2889 719 2940 '7
754 2904 912 2942 mm..
934 2883 1096 2957 longis
1144 2891 1398 2949 sustenta,
1452 2887 1480 2935 1
1516 2890 1649 2935 cent.
1678 2881 1848 2954 longa,
1891 2881 2408 2959 oblongo-cylindrica
2442 2890 2528 2944 ob-

380 2978 529 3039 tusa,
576 2977 720 3027 4—5
767 2992 896 3027 mm.
942 2989 1118 3026 crassa.
1198 2974 1483 3023 Braeteae
1526 2968 1850 3041 pedicellatae
1890 2970 2133 3043 peltatae,
2174 2974 2311 3044 pelta
2354 2975 2531 3048 glabra

385 3073 588 3114 carnosa
634 3060 998 3115 submtundata
1013 3098 1031 3125 ,
1071 3056 1397 3130 glandulosa‚
1443 3055 1763 3127 marginibus
1804 3075 1990 3129 parum
2026 3068 2312 3115 extenuata.
2384 3066 2529 3116 Ova.

381 3144 1153 3222 riumobovato-tetragonum,
1190 3144 1375 3199 vertice
1399 3162 1704 3207 convexum,
1741 3142 2143 3214 stigmatibus
2176 3151 2209 3201 4
2241 3147 2527 3205 lanceolatis

332 3304 337 3308 ,
384 3232 578 3288 reflexis
619 3235 769 3291 dense
805 3233 1282 3309 albido-puberulis.
1355 3238 1582 3287 Baccae
1622 3236 1657 3286 2
1697 3250 1827 3286 mm.
1865 3232 2063 3285 circiter
2100 3233 2307 3307 longae,
2340 3237 2524 3293 imma-

385 3327 533 3375 turae
569 3320 1107 3395 obovato-tetragonae,
1147 3321 1331 3375 vertice
1368 3318 1667 3374 rotundat-ae
1703 3318 2088 3391 semiglobosae,
2129 3322 2527 3393 stigmatibus

383 3408 765 3479 persistentibus
792 3419 846 3462 et
871 3408 1115 3462 revolutis
1141 3416 1414 3462 coronatae.
1446 3438 1516 3446 —
1547 3405 1808 3478 Specimen
1837 3409 1869 3460 J
1877 3424 2132 3461 avanum
2164 3427 2195 3461 a
2224 3423 2523 3464 memnon·

381 3492 605 3560 lectum,
645 3494 779 3549 soliis
819 3494 1151 3567 superioribus
1188 3494 1350 3566 magis
1384 3492 1618 3565 ellipticis
1652 3503 1705 3546 et
1741 3492 1848 3546 basi
1886 3493 2273 3567 subaequalibus
2303 3515 2395 3550 nec
2426 3498 2525 3552 alio

382 3580 533 3634 modo
567 3579 756 3636 differt.
794 3613 868 3623 —
899 3582 1157 3656 Specimen
1193 3581 1620 3635 moluccanum
1647 3579 1884 3634 acumina
1913 3578 2155 3635 foliorum
2183 3583 2336 3637 habet
2362 3587 2524 3658 magis

362 3677 554 3736 ,acuta3
601 3680 914 3725 amentum
958 3668 1059 3724 fere
1102 3679 1368 3724 maturum
1416 3673 1448 3723 1
1499 3678 1635 3723 cent.
1679 3668 1919 3742 longum,
1963 3670 2312 3742 pedunculo
2350 3674 2524 3746 paullo

376 3754 607 3822 brevius,
656 3761 691 3811 3
739 3776 868 3813 mm.
915 3758 1090 3835 paullo
1133 3758 1370 3826 crassius,
1406 3755 1571 3811 baccis
1617 3756 1755 3829 apice
1800 3757 2100 3830 stigmata
2144 3763 2296 3818 4—5.
2337 3762 2519 3816 oeflexa

356 3842 517 3899 ⁴fusca
549 3845 856 3917 gerentibus.

358 3961 359 3964 ¹
447 3933 800 3988 Adnotatio.
874 3936 1004 3989 Cum
1038 3947 1391 3988 homunculus
1424 3933 1555 3986 hanc
1589 3931 1802 4005 speciem
1832 3931 1888 3985 in
1920 3931 2064 3986 ludia
2096 3932 2328 3987 orientali
2358 3925 2522 3991 conti2

374 4030 528 4076 nente
566 4020 708 4075 haud
749 4023 962 4095 reperit,
1009 4022 1093 4075 sed
1136 4041 1195 4075 ex
1239 4021 1568 4094 Archipelago
1627 4019 1841 4079 malaieo
1885 4018 2094 4074 allatam
2141 4022 2383 4093 acceperit
2397 4061 2414 4090 ,
2458 4025 2521 4079 de

376 4106 591 4161 auctoris
627 4125 908 4182 synonymo
945 4107 1131 4162 dubius
1155 4108 1277 4181 jure
1307 4108 1545 4174 fuissem,
1586 4107 1683 4161 nisi
1717 4109 1771 4161 in
1810 4106 1971 4161 Herb.
2003 4111 2083 4161 De
2117 4112 2266 4163 Less,
2298 4109 2516 4165 authen·
2547 4110 2553 4116 ’

371 4191 537 4248 ticum
563 4194 726 4250 Roxb.
752 4196 1007 4269 specimen
1035 4213 1323 4268 comparare
1349 4194 1638 4267 potuissem.
1711 4197 1810 4247 Nec
1837 4204 2012 4248 tamen
2041 4194 2151 4247 ideo
2177 4196 2514 4253 certissimum

371 4297 456 4334 me
476 4283 640 4352 erede,
669 4303 794 4339 nam
823 4286 1075 4360 specimen
1104 4283 1241 4338 illud
1266 4301 1388 4337 cum
1416 4282 1602 4338 fusiore
1624 4297 1946 4337 nonunenu
1969 4283 2295 4356 descriptione
2315 4303 2514 4359 compa-

368 4379 648 4439 rans,'non
683 4392 847 4432 unam
876 4371 1219 4428 differentiam
1248 4370 1432 4442 reperi,
1465 4388 1592 4442 quas
1624 4369 1710 4423 hic
1737 4388 1991 4426 moneam:
2049 4369 2251 4426 Caulis
2288 4382 2509 4449 erectus,

1986 4480 2078 4516 ns*
