3153 5134
1573 344 1713 407 ‘64

582 546 840 620 venosis,
873 542 1248 622 exstipulatis
1259 590 1276 620 ,
1309 542 1612 602 viridibus
1636 545 1730 603 vel
1756 542 2057 617 coloratis,
2093 560 2214 599 non
2241 560 2374 600 raro
2394 543 2716 622 pellucido-

572 649 944 730 glandulosis
984 646 1264 725 cauleque
1305 647 1629 725 aliquando
1666 647 1956 719 odoratis,
2007 646 2257 704 amentis
2295 643 2716 722 pedunculatis

580 752 934 811 ascillaribus
967 751 1061 810 vel
1090 771 1162 809 ea·
1195 748 1401 809 axillis
1422 751 1721 829 foliorum
1752 767 2149 828 supremorum
2182 747 2591 808 terminalibus
2623 752 2717 810 vel

580 854 1027 935 oppositifoliis,
1060 854 1253 934 longis
1290 853 1383 912 vel
1416 854 1718 927 brevibus,
1755 853 1929 910 rectis
1965 851 2059 910 vel
2092 851 2374 926 curvatis,
2400 851 2714 931 filiformi·

579 959 687 1017 bus
720 958 815 1020 vel
845 957 1489 1031 carnoso-incrassatis,
1523 956 1730 1015 rhacbi
1768 956 1925 1015 laevi
1960 954 2053 1012 vel
2069 954 2381 1032 foveolata
2392 977 2422 1026 ,·
2449 957 2711 1035 floribus

578 1061 816 1120 remotis
849 1060 943 1118 vel
974 1061 1318 1119 densissime
1355 1060 1641 1138 confertis
1651 1080 1680 1131 ,·
1721 1058 1849 1116 illis
1882 1057 2135 1116 bracteis
2157 1056 2502 1136 plerumque
2520 1059 2714 1137 folia·

582 1166 703 1224 ceis
755 1163 1024 1223 deciduis
1041 1208 1058 1238 ,
1117 1163 1212 1222 liis
1265 1163 1529 1222 carnosis
1569 1159 2023 1241 persistentibus
2075 1158 2400 1218 instructis.
2492 1161 2714 1222 Baccis

575 1266 863 1347 insipidis
902 1268 996 1326 vel
1033 1267 1286 1326 acribus.

659 1370 1040 1449 Peperomiae
1075 1372 1144 1428 in
1171 1370 1336 1429 Novi
1368 1370 1541 1429 Orbis
1566 1368 1755 1447 sylvis
1789 1366 2249 1447 copiosissimae,
2283 1378 2388 1426 aut
2424 1377 2711 1428 terrestres

579 1481 685 1531 aut
709 1491 890 1550 supra
926 1471 1194 1530 arborum
1228 1480 1464 1529 truncos
1498 1480 1751 1529 vetustos
1783 1489 2066 1548 rupesque
2094 1468 2367 1528 madidas
2392 1490 2710 1532 muscosas-

578 1594 691 1652 que
721 1574 1118 1650 luxuriantes,
1149 1596 1180 1634 e
1213 1576 1470 1655 planitie
1500 1573 1581 1632 ad
1605 1572 1893 1630 montium
1924 1572 2239 1631 cacumina
2265 1571 2711 1646 adscendentes;

579 1678 649 1734 in
685 1675 868 1737 India
908 1678 1201 1738 Orientali
1233 1681 1505 1752 rariores,
1538 1678 1605 1734 in
1642 1675 1860 1735 insulis
1897 1675 2223 1735 Sundaicis
2240 1677 2711 1755 frequentiores,
2781 1664 2798 1677 s

579 1781 805 1838 minore
854 1780 1182 1856 quantitate
1218 1781 1289 1837 in
1328 1778 1621 1839 Oceaniae
1670 1777 1888 1837 insulis
1906 1822 1924 1852 ,
1969 1777 2367 1837 Masoarhenis
2403 1789 2459 1838 et
2493 1780 2714 1859 Africa
2786 1795 2797 1804 ·

572 1880 825 1941 australi
855 1881 1206 1961 gignuntur.

644 2061 1019 2117 observatio.
1102 2066 1270 2116 Genus
1321 2060 1605 2135 Peperomia
1657 2080 1685 2114 a
1737 2060 2135 2135 diligentissimis
2190 2047 2361 2118 Florae
2411 2061 2712 2117 Peruvianae

570 2147 860 2205 auctoribus
885 2167 944 2202 ex
968 2147 1070 2202 illis
1091 2147 1329 2203 omnibus
1354 2148 1612 2223 Piper-ihus
1638 2149 2058 2222 componebatur,
2088 2150 2271 2225 quibus
2297 2152 2483 2224 stigma
2506 2149 2714 2222 simplex

571 2247 624 2291 et
653 2236 755 2291 duo
784 2236 1016 2291 stamina.
1089 2240 1257 2290 Genus
1288 2235 1360 2291 ita
1392 2236 1601 2311 quidem
1636 2235 1861 2290 nondum
1895 2236 2052 2291 solida
2084 2236 2190 2290 basi
2221 2247 2615 2310 superstructum
2632 2275 2648 2302 ‚
2684 2255 2714 2288 a

572 2322 877 2399 quibusdam
907 2322 1224 2390 auctoribus,
1253 2325 1332 2377 uti
1361 2323 1436 2379 cl.
1468 2337 1648 2376 Kuu‘rfl
1666 2325 1818 2393 (Nov.
1838 2325 2029 2380 Gener.
2048 2323 2216 2378 —PL
2234 2327 2453 2394 aequin.
2475 2358 2545 2367 —
2575 2327 2715 2397 Syn-

572 2431 691 2482 ops.
724 2412 808 2482 pl.
849 2414 1128 2482 aequin.),
1174 2411 1247 2466 el.
1278 2426 1329 2467 Δ.
1361 2426 1610 2465 mmmcn
1653 2413 1738 2481 (in
1778 2411 1874 2466 alt.
1909 2413 2035 2467 edit.
2069 2416 2223 2483 Spes.
2262 2413 2462 2483 Willd.)
2506 2412 2716 2488 aliisque

570 2508 854 2573 receptum,
896 2497 961 2552 ab
996 2497 1107 2553 aliis
1139 2499 1194 2551 in
1233 2498 1450 2553 dubium
1489 2508 1757 2566 vocatum,
1799 2499 1986 2574 quibus
2018 2498 2325 2553 characteres
2357 2518 2476 2554 cum
2508 2501 2571 2554 iis
2599 2498 2715 2554 reli-

570 2606 787 2660 quorum
820 2587 1052 2660 Piperum
1085 2587 1357 2660 comparati
1391 2607 1493 2642 non
1525 2586 1756 2642 sufficere
1791 2588 2112 2642 videbantur.
2181 2591 2352 2642 Nostro
2384 2596 2556 2641 autem
2585 2596 2714 2640 tem·

569 2693 715 2748 pore,
760 2693 862 2749 quo
899 2674 1113 2748 diligens
1150 2674 1429 2748 disquisitio
1460 2674 1679 2749 reliquas
1705 2676 1858 2728 etiam
1891 2675 2172 2747 Piperaceas
2201 2673 2477 2728 secundum
2508 2693 2712 2748 organo·

568 2782 688 2818 rum
731 2761 1033 2835 genitalium
1080 2761 1268 2815 variam
1313 2760 1553 2815 fabricam
1601 2772 1654 2815 et
1693 2781 1997 2834 organorum
2044 2760 2365 2833 vegetationis
2405 2761 2617 2816 rationes
2658 2761 2713 2815 in

568 2869 749 2925 genera
785 2848 1041 2903 naturalia
1076 2848 1304 2903 ordinare
1341 2850 1537 2923 potuit,
1578 2868 1734 2924 genus
1761 2851 2043 2922 Peperomia
2076 2860 2320 2923 tanquam
2352 2849 2586 2904 naturale
2614 2860 2712 2904 sta-

572 2938 778 2994 bilitum
817 2948 910 2993 est.
990 2942 1185 2991 Praeter
1220 2938 1527 2993 characteres
1556 2938 1693 2992 enim
1725 2958 1755 2992 a
1791 2953 1959 2991 nmzlo
1996 2947 2047 2991 et
2078 2952 2286 2991 uvosto
2320 2938 2590 3006 indicatos,
2627 2939 2713 2993 alii

572 3027 706 3101 iique
736 3025 1014 3099 gravissimi
1049 3036 1101 3079 et
1133 3027 1454 3099 vegetationis
1484 3025 1671 3081 indoles
1695 3025 1957 3099 peculiaris
1991 3024 2238 3098 genericos
2265 3023 2452 3079 limites
2482 3025 2713 3079 firmissi-

563 3133 673 3169 mos
705 3113 1051 3169 reddiderunt.

640 3206 806 3256 Genus
833 3200 1187 3274 Micropiper
1214 3200 1336 3255 olim
1362 3220 1391 3255 a
1418 3219 1499 3254 me
1521 3200 1848 3273 propositum,
1869 3196 2166 3252 examinatis
2186 3198 2406 3251 centenis
2427 3197 2706 3271 speciebus,

567 3308 707 3346 nunc
745 3287 1046 3343 servandum
1086 3287 1214 3341 mihi
1257 3308 1358 3342 non
1399 3288 1622 3352 videtur,
1666 3303 1786 3338 cum
1829 3284 2090 3337 certissimi
2129 3284 2320 3338 limites
2356 3285 2491 3337 inter
2524 3285 2614 3338 hoc
2654 3295 2707 3339 et

569 3377 974 3453 Peperomiam
1014 3394 1182 3429 revera
1224 3395 1325 3429 non
1362 3374 1546 3428 adsint.
1620 3370 1946 3446 characteres,
1967 3368 2105 3422 enim
2139 3368 2327 3443 quibus
2361 3370 2648 3445 Micropiper
2677 3393 2707 3427 a

567 3466 850 3540 Peperomia
899 3463 1157 3518 diversum
1210 3462 1333 3516 olim
1378 3459 1763 3534 judicaveram,
1809 3455 2036 3528 stigma
2079 3456 2185 3510 scii.
2230 3456 2703 3529 penicillatum,

567 3554 817 3610 bractea
856 3552 1111 3608 foliacea
1145 3560 1198 3603 et
1234 3549 1428 3604 flores
1459 3544 1708 3609 remoti,
1749 3562 1887 3597 nunc
1917 3542 2148 3597 sufficere
2180 3564 2282 3598 non
2313 3557 2542 3619 possunt,
2583 3566 2706 3600 cum

564 3642 617 3696 in
648 3642 883 3695 omnibus
911 3637 1240 3714 Peperomiis,
1275 3638 1315 3690 si
1345 3635 1550 3688 ineunte
1578 3628 1886 3686 florescentia
1915 3629 2079 3683 ovaria
2109 3631 2490 3700 examinantur,
2520 3634 2704 3707 stigma

560 3728 714 3783 ctiam
749 3727 1185 3802 penicillatum
1216 3723 1301 3777 sed
1332 3721 1631 3794 plerumque
1663 3716 2068 3770 minutissimum
2103 3717 2416 3786 inveniatur,
2455 3721 2509 3775 in
2543 3722 2700 3797 pluri-

566 3817 664 3870 mis
698 3814 831 3869 int‘ra
865 3813 1020 3867 ovarii
1058 3811 1280 3883 apicem,
1317 3808 1373 3860 in
1406 3805 1618 3871 foveola,
1653 3803 1873 3877 positum
1892 3843 1909 3870 ,
1942 3813 1995 3857 ct
2030 3824 2144 3860 mox
2173 3807 2465 3863 deciduum.
2542 3810 2706 3865 Facies

559 3900 729 3955 aritioe
755 3899 938 3952 horum
967 3896 1255 3951 ovat-iorum
1283 3892 1586 3966 plerumque
1615 3892 2221 3965 incrassato-glandulosa,
2252 3896 2326 3950 ita
2355 3907 2440 3962 ut,
2470 3897 2509 3949 si
2534 3896 2704 3969 paullo

560 3997 671 4061 post
698 3983 1057 4044 florescentiam
1091 3982 1242 4035 flores
1271 3980 1666 4053 conspiciantur,
1701 3979 1870 4053 ipsum
1902 3979 1995 4035 hoc
2023 4002 2201 4057 corpus
2227 3983 2579 4057 glandulosum
2610 4006 2702 4059 pro

556 4074 797 4148 stigmate
835 4070 978 4125 facile
1016 4068 1278 4123 habeatur.
1350 4067 1453 4140 Qui
1494 4068 1665 4144 itaque
1706 4088 1843 4124 nunc
1876 4082 2143 4145 supersunt
2182 4072 2506 4137 character-m,
2545 4074 2701 4127 situs

555 4160 851 4233 obliquus
882 4154 1199 4227 stigmatis
1230 4154 1482 4229 ejusque
1513 4155 1795 4224 exilitaS,
1829 4159 2036 4214 ovaria
2066 4158 2313 4233 obliqua
2340 4158 2700 4234 plerumque

557 4244 830 4300 foveolae
874 4241 1185 4308 immersa,
1230 4241 1510 4298 bracteae
1555 4265 1865 4314 carnosae,
1911 4246 2283 4320 rhachisquc
2330 4266 2575 4301 carnosa
2615 4266 2701 4321 per

554 4348 606 4385 sc
632 4330 698 4386 ad
726 4347 880 4403 genus
906 4327 1387 4398 discn‘minandum,
1424 4332 1562 4389 baud
1592 4335 1895 4391 sufficientes
1923 4354 1980 4389 co
2012 4333 2179 4389 minus
2215 4354 2354 4391 nunc
2380 4334 2511 4389 mihi
2540 4336 2700 4391 valere
