3153 5134
1627 372 1754 435 494

621 575 839 649 majores
876 582 1037 627 costae
1083 571 1308 627 alternae
1336 568 1416 623 vel
1459 567 1831 641 suboppositae,
1866 585 2053 641 parum·
2074 568 2440 641 prominentes,
2480 571 2756 639 tenuiores,

616 661 1012 718 anastomosibus
1032 658 1535 723 reticulato-venons,
1561 659 1615 710 in
1639 658 1766 710 sicco
1787 657 2180 712 fusceseentibus
2200 658 2433 731 junctae.
2468 660 2755 715 Laminae

617 752 888 824 superiores
916 755 983 804 11
1015 759 1147 803 cent.
1177 747 1379 820 longae,
1411 750 1482 810 21¹2-
1504 746 1662 810 latae,
1697 748 1873 819 itaque
1901 745 2232 816 lanceolata03
2262 747 2535 802 aliorum
2567 749 2753 822 speci-

621 839 862 892 minum
904 841 974 891 19
1017 837 1195 909 longae
1214 874 1232 902 ,
1273 839 1307 889 6
1354 833 1510 902 latae3
1562 833 1964 906 speciminum
2009 835 2387 907 vegetiorum
2437 841 2509 890 23
2554 837 2755 911 longae,

617 927 714 981 hae
734 927 888 980 etiam
916 926 1077 998 magis
1104 924 1346 977 eoriaceae
1367 932 1420 975 et
1448 920 1629 975 fortius
1658 940 1879 976 venosae.
1938 928 2124 976 Amen
2139 933 2200 976 ta
2227 923 2473 996 patentia,
2498 925 2753 991 subrecta,

616 1014 922 1090 cylindrica,
964 1013 1173 1078 obtusa,
1212 1019 1307 1064 aut
1350 1010 1406 1062 in
1447 1028 1742 1062 mucronem
1803 1009 2027 1063 sterilem
2092 1011 2396 1079 terminata,
2460 1012 2754 1068 florentia

615 1103 746 1159 foliis
775 1102 1008 1156 multum
1040 1100 1263 1154 brevium
1292 1108 1385 1153 aut
1417 1097 1692 1151 dimidium
1732 1097 1914 1152 folium
1953 1101 2220 1171 aequantia
2260 1102 2642 1174 (magnitudine
2667 1102 2756 1155 ad·

616 1190 831 1247 modum
861 1189 1023 1259 varia)
1052 1192 1233 1242 6—10
1263 1196 1396 1241 cent.
1426 1185 1602 1259 longa,
1639 1189 1781 1239 2—-3
1813 1205 1942 1241 mm.
1971 1204 2163 1255 crassa,
2194 1186 2498 1243 baccifera
2525 1189 2751 1262 longiora

613 1298 675 1334 ac
706 1278 940 1332 crassiora
970 1280 1188 1329 10-13
1212 1273 1361 1346 longa
1394 1283 1445 1326 et
1478 1272 1636 1344 duplo
1668 1272 1920 1327 crassiora.
1993 1273 2387 1329 Pednnculus
2417 1281 2588 1348 155-2
2614 1288 2748 1332 cent.

614 1367 819 1441 longus,
853 1384 1005 1439 supra
1036 1382 1219 1438 parum
1252 1363 1575 1416 incrassatus.
1649 1359 1853 1414 Flores
1880 1380 1970 1433 per
1999 1361 2153 1434 spiras
2181 1373 2458 1418 contractas
2478 1364 2751 1420 annulatas

615 1453 874 1527 dispositi,
924 1452 1079 1506 densi.
1163 1455 1452 1504 Bracteae
1493 1447 1847 1521 pedicellatae,
1888 1450 2132 1523 peltatae‚
2176 1452 2312 1525 pelta
2353 1452 2750 1527 subtr-iangulari

615 1541 695 1596 vel
736 1536 1490 1611 semiorbiculari·triangulata,
1526 1537 1753 1611 margine
1788 1538 1934 1592 dense
1969 1540 2424 1610 columneo-villosa,
2460 1543 2746 1613 fimbriata,

611 1630 953 1704 persistentes,
986 1626 1042 1680 in
1066 1625 1288 1700 juvenili
1323 1635 1529 1680 amento
1555 1625 1726 1679 omnia
1752 1626 1995 1699 genitalia
2027 1638 2269 1702 tegentes.
2340 1632 2619 1686 Stamina
2649 1633 2747 1686 tria

613 1718 696 1773 vel
727 1727 969 1792 quatuor,
1005 1735 1171 1772 unum
1203 1714 1300 1785 (vel
1330 1718 1390 1785 2)
1417 1725 1477 1770 ut
1499 1714 1702 1769 videtur
1719 1734 1876 1788 supra
1897 1716 2130 1771 ovarium
2156 1718 2357 1793 reliqua
2375 1717 2511 1773 infra
2532 1720 2750 1776 eircum-

609 1807 784 1885 posita3
807 1804 894 1859 sed
917 1803 982 1858 ob
1005 1804 1167 1859 situm
1190 1803 1379 1857 florum
1404 1801 1690 1856 confertum
1712 1802 2018 1857 difficillime
2040 1804 2230 1860 limites
2251 1805 2387 1860 inter
2406 1806 2555 1862 flores
2569 1807 2749 1865 distin·

606 1902 852 1968 guantur.
915 1891 1191 1945 Stamina
1214 1890 1438 1964 ejusdem
1463 1891 1606 1944 floris
1631 1889 1862 1944 interiora
1882 1891 2036 1947 serius
2065 1912 2222 1968 quam
2252 1896 2506 1968 superiora
2529 1897 2744 1951 evoluta.

611 1981 959 2036 Filamenta
982 1980 1167 2035 brevia.
1240 1980 1495 2034 Antherae
1532 1979 1731 2047 fuscae,
1760 1980 2085 2050 biloculmes,
2122 1983 2298 2037 loculis
2324 1984 2552 2058 oblongis
2574 1987 2746 2041 subdi-

611 2070 781 2145 dymis
814 2068 1029 2142 singulis
1059 2067 1231 2141 ampla
1255 2069 1385 2121 rima
1415 2067 1699 2134 hiantibus,
1726 2068 1917 2142 polline
1944 2071 2092 2127 flavo,
2163 2072 2454 2126 Ovarium
2486 2073 2748 2147 parallelo-

611 2155 1146 2232 pipedeo-oblongum,
1163 2154 1404 2209 lateribus
1425 2174 1790 2229 compressum,
1812 2157 2068 2230 glabrum.
2105 2160 2407 2232 Stigmata
2427 2162 2746 2216 crassinscula

611 2246 784 2302 brevia
806 2251 842 2300 3
866 2264 914 2300 v·
938 2250 991 2302 4.
1034 2249 1257 2299 Baccae
1279 2243 1467 2299 sessiles
1487 2244 1975 2319 parallelopipedeae,
1998 2247 2248 2301 diametro
2268 2248 2559 2302 latitudinis
2580 2251 2743 2323 longi·

613 2332 841 2389 tudinali
872 2335 929 2404 (2
962 2335 1117 2402 mm.)
1147 2342 1227 2385 ter
1259 2332 1446 2405 majore
1463 2351 1619 2406 quam
1637 2333 1865 2400 laterali,
1890 2334 2061 2407 itaque
2076 2334 2318 2389 lateribus
2336 2336 2482 2389 valde
2495 2355 2745 2412 compres-

615 2441 721 2489 sae,
773 2419 1089 2493 longitudine
1137 2418 1451 2472 diametrum
1495 2429 1839 2474 transversum
1871 2421 2113 2475 minorem
2150 2422 2255 2476 fere
2284 2435 2561 2498 aequante3
2596 2427 2743 2500 stig-

614 2519 847 2564 matum
876 2508 1165 2561 rudimento
1198 2506 1540 2561 umbilieatae.
1578 2510 1963 2562 Bractearum
1987 2509 2278 2565 rudimenta
2304 2522 2356 2566 et
2376 2513 2619 2587 quaedam
2643 2525 2743 2570 sta-

612 2597 819 2654 minum
846 2597 1073 2671 vestigia.
1109 2629 1181 2638 —-
1217 2602 1425 2650 Semen
1457 2596 1636 2650 baccae
1662 2596 1929 2653 conforme.
1959 2600 2076 2669 (sec.
2110 2619 2181 2673 sp.
2218 2601 2415 2672 Surin.)

685 2688 974 2761 Specimina
1002 2706 1029 2739 a
1066 2686 1140 2742 Cl.
1174 2700 1350 2739 tuum
1385 2685 1632 2759 descripta
1664 2705 1694 2739 a
1725 2686 1908 2740 nostris
1934 2686 2125 2741 diversa
2149 2707 2247 2742 non
2279 2700 2403 2745 sunt
2433 2691 2517 2745 sed
2547 2690 2613 2746 ob
2644 2692 2743 2747 for-

613 2796 817 2831 marum
843 2775 1008 2850 magis
1027 2774 1342 2847 complexam
1362 2774 1567 2842 seriem,
1591 2773 1769 2845 speciei
1791 2773 2022 2828 definitio
2042 2774 2188 2829 nobis
2206 2776 2309 2831 alia
2328 2778 2504 2833 evasit.
2554 2781 2749 2850 Quodsi

615 2863 1059 2939 angustifoliorum
1082 2873 1134 2917 et
1155 2862 1490 2916 latifoliorum
1515 2862 1850 2935 speciminum
1874 2873 2095 2918 extrema
2116 2865 2347 2920 membra
2369 2870 2749 2941 comparaveris,

613 2974 707 3030 pro
735 2954 882 3028 plane
911 2951 1116 3005 diversis
1144 2948 1486 3004 verisimiliter
1513 2950 1785 3005 habuisses.

701 3132 834 3190 135.
915 3132 1292 3187 Artantne
1334 3131 1979 3188 Luselmathlana.
2065 3131 2252 3210 Piper
2297 3130 2543 3191 Kanth!
2588 3134 2746 3193 olim.

622 3235 942 3315 Steffemia
974 3232 1197 3312 ejusd!
1238 3235 1306 3290 in
1335 3233 1609 3292 Linnaea
1648 3232 1686 3291 l.
1724 3252 1773 3292 c.
1795 3253 1859 3311 p.
1891 3230 2030 3292 617.
2112 3231 2380 3293 Ramulis
2400 3233 2747 3312 junioribus

616 3336 956 3420 puberulis‚
996 3335 1157 3394 soliis
1191 3336 1536 3394 brevissime
1572 3334 1901 3413 petiolatis,
1957 3335 2352 3396 subcoriaceis
2393 3341 2747 3415 epunctula-

617 3445 720 3516 tis,
761 3460 940 3519 supra
972 3438 1194 3516 glabris
1229 3440 1456 3517 opacis),
1498 3438 1706 3497 subtus
1757 3439 2104 3516 praesertim
2141 3438 2204 3498 in
2253 3461 2440 3501 nervo
2473 3450 2532 3501 et
2572 3442 2746 3503 costis

616 3543 953 3625 puberum»,
983 3541 1227 3621 oblique
1256 3542 1525 3618 oblongis
1551 3541 1930 3615 acuminatis,
1960 3541 2082 3601 basi
2123 3542 2293 3601 valde
2324 3545 2747 3625 inaequalibus

615 3644 980 3719 rotundatis,
1021 3645 1194 3703 costis
1225 3646 1512 3722 utrinque
1546 3644 1851 3722 pluribus,
1888 3645 2143 3704 amentis
2167 3647 2379 3706 erectis
2394 3647 2746 3711 solies—6-

616 3751 721 3832 plo
752 3747 1155 3823 brevioribus,
1183 3748 1532 3826 pedunculo
1565 3748 1857 3826 petiolum
1894 3748 2081 3826 duplo
2111 3759 2459 3828 superante,
2493 3752 2748 3814 bracteis

618 3853 889 3935 peltam,
942 3851 1953 3929 semiorhiculari—triangularibus‚
2001 3852 2494 3930 ciliato-villosiS‚
2545 3857 2744 3916 baccis

613 3955 1037 4037 subquadratis
1099 3955 1385 4013 lateribus
1446 3956 2014 4033 compressiuseulis‚
2071 3957 2300 4017 semine
2336 3958 2509 4018 brevi
2543 3979 2747 4038 opacO.

707 4060 1006 4121 Habitat·
1057 4058 1121 4115 in
1180 4056 1456 4133 Brasilia‚
1514 4077 1703 4135 prope
1761 4058 2153 4136 Capoeabaria
2211 4059 2609 4142 (Luschnathl
2678 4064 2743 4123 in

626 4166 800 4228 llerb.
832 4183 959 4242 reg.
1000 4157 1172 4241 ben),
1216 4180 1303 4239 pr.
1335 4159 1446 4219 Rio
1481 4160 1725 4220 Janeiro
1763 4161 2100 4244 (Gaudieh.!
2146 4162 2209 4221 in
2248 4163 2423 4226 Herb.
2457 4165 2541 4225 De
2575 4165 2751 4249 Less.)

655 4277 662 4282 Ι
694 4303 942 4364 Ramuli
980 4300 1178 4367 nodosi,
1211 4300 1447 4369 flexuosi,
1475 4310 1677 4371 teretes,
1708 4300 1935 4373 juniores
1968 4301 2161 4367 striati,
2198 4300 2318 4375 pilis
2346 4304 2558 4359 minutis
2591 4304 2748 4378 pube·

622 4398 754 4465 ruli,
791 4392 1087 4452 internodiis
1117 4395 1262 4446 3-4
1297 4401 1429 4446 cent.
1471 4390 1651 4465 longis.
1725 4390 1893 4445 Folia
1939 4389 2227 4445 brevissime
2268 4389 2532 4463 petiolata,
2573 4390 2749 4447 subeo-
