3153 5134
1488 360 1526 418 5

440 567 754 661 bryonem
810 563 1072 633 involvit
1100 564 1430 653 *cujusque
1473 576 1704 630 natura
1752 563 2084 653 hucusque
2132 548 2329 632 dubia
2382 580 2560 649 erat,
2626 589 2656 607 ··
2700 541 2708 549 ¹

437 689 598 756 nihil
620 687 797 756 aliud
822 710 950 756 esse
974 708 1172 777 quam
1203 707 1456 752 saccum
1485 683 1854 776 embryonis
1880 684 2344 775 persistentem,
2370 701 2561 755 acute

433 807 894 876 demonstravit
959 807 1233 897 (King'e
1282 804 1644 872 Narratio.
1673 806 1750 870 -J
1750 807 1802 872 I.
1844 829 1921 893 p.
1976 810 2128 873 548.
2219 809 2416 894 oper.
2463 809 2559 876 ed.

430 953 641 1017 qerm.
675 929 807 997 IV.
825 951 901 1013 p.
938 930 1104 1007 100,
1143 923 1323 1012 101).
1384 916 1488 992 Sic
1517 924 1679 991 viam
1707 924 2016 992 indicavit
2043 949 2328 993 summus
2358 927 2557 996 nostri

434 1047 566 1115 aevi
616 1047 982 1128 botanicus,
1049 1070 1179 1136 qua
1228 1045 1299 1111 in
1335 1044 1816 1135 Piperacearum
1863 1024 2179 1113 seminum
2225 1045 2559 1139 investiga-

438 1165 613 1235 tione
645 1165 910 1234 ulterius
943 1180 1102 1234 esset
1135 1164 1648 1256 procedendum.

521 1287 612 1355 el.
673 1310 914 1367 anun,
980 1308 1178 1377 quem
1219 1309 1510 1353 nnowmr
1559 1284 1646 1353 de
1691 1284 2001 1376 ovigenesi
2047 1284 2304 1354 inventa
2338 1287 2555 1356 adhuc

434 1406 778 1498 fugiebant
796 1459 814 1488 ‚
864 1405 934 1472 in
968 1406 1162 1475 docta
1211 1406 1769 1474 Commentatione
1814 1407 1899 1473 de
1947 1405 2297 1495 Piperaceis
2334 1408 2560 1476 Archi-

429 1527 642 1618 pelagi
734 1524 982 1593 malaici
1095 1527 1199 1615 (V
1193 1526 1468 1595 erhand.
1549 1527 1793 1591 Bacav.
1877 1524 2347 1612 Genoocechap.
2424 1528 2555 1616 XI)

430 1670 837 1717 ncnunmu
886 1658 1142 1712 secutus
1161 1696 1178 1725 ,
1242 1645 1662 1736 embryonem
1733 1643 2433 1734 monocotyledoneum
2493 1660 2562 1713 et

432 1764 633 1834 caulis
664 1776 1059 1832 structuram
1094 1745 1499 1854 endogenam
1533 1761 1931 1830 existimavit.

523 1886 614 1953 Cl.
654 1908 974 1951 ‘nam-rus
1020 1906 1261 1964 unm,
1329 1882 1680 1949 medullam
1728 1896 1795 1949 et
1834 1881 2045 1950 radios
2079 1882 2461 1951 medullares
2491 1884 2560 1951 in

433 2002 780 2094 Piperaceis
809 1986 1052 2084 adesse{
1084 2023 1329 2093 perque
1359 2003 1708 2070 medullam
1739 2002 2045 2093 dispersas
2071 2001 2331 2093 insuper
2361 2005 2558 2074 fibras

431 2124 774 2191 vascularoe
824 2122 1165 2190 decurrere
1212 2122 1498 2190 ostendit
1515 2175 1532 2204 ,
1582 2146 1782 2213 quare
1820 2123 2015 2191 etiam
2052 2124 2565 2216 Dicotyledoneis

431 2267 536 2311 eas
598 2243 1112 2311 annumerandas
1177 2264 1305 2309 esse
1355 2241 1533 2311 haud
1587 2243 1925 2311 dubitavit.
2039 2244 2171 2331 (De
2217 2247 2448 2314 Houtt.
2499 2262 2562 2313 et

436 2363 730 2433 Saurur.
766 2389 841 2452 Ρ.
879 2369 987 2433 39.
1023 2365 1084 2429 T
1077 2366 1179 2431 ab.
1216 2365 1276 2431 I.
1296 2365 1369 2454 f.
1410 2365 1640 2454 5—9.)
2428 2438 2436 2446 ‚

521 2484 722 2553 Hodie
785 2506 1008 2554 omnes
1054 2483 1343 2553 Botanici
1398 2484 1763 2576 Piperaceas
1815 2484 1988 2552 inter
2038 2485 2567 2580 Dicotyledoneas

431 2619 813 2674 enumerant
861 2620 929 2673 et
977 2605 1492 2674 Chloranthaceis
1541 2619 1611 2672 et
1656 2607 1981 2673 Saurureis
2032 2606 2305 2675 maxime
2337 2611 2564 2677 affines

427 2726 821 2815 praedicant.
913 2725 1152 2805 Unicus
1184 2748 1463 2790 nunnus
1494 2723 1905 2814 excipiendus
1940 2739 2036 2793 est
2055 2777 2073 2806 ‚
2108 2728 2223 2818 qui
2255 2731 2559 2797 Monoco-

427 2844 789 2936 tyledoneis
831 2868 931 2913 eas
979 2844 1192 2935 potius
1243 2843 1468 2911 affines
1526 2843 1830 2910 censebat
1899 2844 2138 2934 (Neues
2182 2847 2441 2936 Syecem
2490 2849 2554 2917 d.

431 2964 568 3052 Pfl.
615 2966 822 3052 Phys».
869 2966 931 3034 Ι.
965 2987 1043 3051 p.
1091 2965 1277 3060 332.)
1313 3001 1406 3015 -
1438 2966 1529 3031 De
1575 2962 1856 3030 caulium
1906 2977 2227 3035 structura
2274 2989 2553 3059 exogena

432 3095 632 3165 fusius
664 3084 768 3177 egi
799 3083 869 3152 in
906 3086 1260 3153 Comment.
1287 3084 1610 3175 phycogr.
1634 3107 1710 3169 p.
1748 3088 1790 3151 3
1824 3106 1955 3172 seq.

978 3325 1378 3393 Structurao
1418 3330 1605 3393 ratio
1643 3328 2003 3415 ymeralae‘ae.

519 3565 768 3633 Radix
802 3580 898 3633 est
925 3566 1162 3635 fibrosa
1197 3567 1293 3634 vel
1326 3567 1588 3635 crassior
1618 3566 2057 3635 rhizomatica.
2119 3571 2195 3633 In
2228 3567 2558 3658 speciebus

428 3686 758 3754 herbaceis
784 3686 965 3754 radix
991 3685 1321 3776 primaria,
1349 3708 1517 3776 quae
1540 3685 1675 3755 scil.
1694 3708 1731 3753 e
1758 3685 2167 3777 germinante
2198 3689 2559 3780 embryone

429 3805 843 3897 protruditur
861 3857 878 3885 ,
925 3805 1472 3896 perpendicularis
1502 3820 1600 3873 est
1631 3806 1743 3873 sed
1777 3827 1898 3872 nec
1931 3805 2124 3897 longa
2159 3829 2279 3873 nec
2318 3831 2519 3888 crassa
2541 3861 2558 3890 ‚

426 3926 618 3994 citius
667 3925 738 3992 in
788 3927 1063 3995 ramulos
1095 3941 1163 3994 et
1195 3927 1462 3996 fibrillas
1497 3926 1822 3995 dissoluta.
1909 3929 1967 3991 E
1995 3926 2192 3994 caulis
2223 3928 2411 3997 nodis
2443 3909 2558 3996 ubi

432 4061 668 4115 terram
727 4059 1046 4137 tangunt,
1110 4069 1409 4137 persaepe
1443 4046 1779 4115 radicellae
1809 4047 2330 4136 protruduntur‚
2378 4048 2559 4115 haud

424 4190 573 4235 raro
626 4165 967 4257 primariae
1017 4164 1249 4233 radicis
1297 4165 1463 4233 vices
1512 4180 1806 4257 gerentes
1840 4166 2205 4256 (pleraeque
2240 4169 2334 4233 Pe
2344 4189 2561 4256 pero-

439 4286 671 4368 miae,
734 4284 1306 4377 Acrocarpidia
1342 4285 1555 4360 omnia
1580 4339 1596 4367 ,
1643 4285 2153 4372 Ver'huellia).
2250 4290 2325 4353 In
2360 4289 2562 4380 speci-
