3153 5134
1441 375 1530 439 63

411 583 513 628 tem
560 572 669 628 basi
714 571 988 647 paullisper
1031 580 1285 646 protracta
1325 572 1889 643 suberete-rotundatu,
1940 576 2191 649 quaedam
2234 578 2342 634 basi
2388 568 2564 637 leviter

407 664 748 736 emarginata,
784 667 926 718 4-9
955 681 1086 722 mm.
1120 661 1174 715 in
1205 660 1390 729 diam.,
1417 660 1675 715 subtiliter
1701 662 1971 732 trinervia,
1998 666 2161 721 nervis
2182 685 2334 743 supra
2358 688 2564 744 parum-

402 769 491 824 per
523 751 804 825 impressis,
850 749 1033 804 subt-us
1067 748 1393 824 prominuli3‚
1442 749 1499 802 in
1541 748 1851 823 quibusdam
1897 749 2129 821 (ibrtasse
2172 754 2229 808 in
2273 755 2563 812 viventibus

404 839 664 910 omnibus)
697 839 941 894 obsoletis
1015 844 1365 893 Anastomoses
1395 836 1570 891 nullae
1604 837 1971 895 discernendae.
2043 847 2304 896 Amenta
2334 862 2394 897 ex
2423 844 2563 918 apice

406 927 730 981 ramulorum
751 927 1045 981 lateralium
1076 926 1155 980 vel
1180 925 1531 980 terminalium
1559 924 1929 998 pedunculis
1957 925 2216 999 puberulis
2240 933 2418 984 4—10
2435 950 2582 988 mm.

406 1014 574 1088 longis
602 1014 920 1070 bibracteatis
954 1014 1249 1084 (bracteis
1282 1013 1521 1087 oppositis
1554 1012 2095 1068 subulam-linearibus
2129 1015 2373 1086 hir-tellis,
2408 1021 2565 1075 serius

406 1100 630 1156 deciduis
672 1107 846 1168 1—1}
885 1120 1015 1156 mm.
1046 1100 1233 1174 longis)
1277 1110 1533 1166 sustenta,
1587 1109 1743 1166 recta,
1794 1109 1911 1154 ante
1958 1100 2325 1156 florescentiam
2367 1105 2567 1162 circiter

408 1194 442 1244 1
478 1201 610 1247 cent.
638 1190 814 1262 longa,
852 1194 924 1260 1}
953 1209 1083 1244 mm.
1118 1207 1306 1254 crassa,
1339 1188 1544 1254 obtusa,
1581 1187 1850 1243 bracteis
1898 1188 2181 1244 imbricatis
2222 1191 2427 1265 peltatis
2454 1192 2562 1248 hrc-

407 1278 536 1331 viter
576 1275 907 1349 pedicellatiS,
955 1274 1091 1348 pelta
1129 1272 1401 1328 orbiculari
1444 1273 1631 1346 pallide
1664 1271 1805 1328 fusca
1846 1286 2117 1347 punctata,
2154 1278 2383 1351 margine
2419 1280 2566 1353 palli-

407 1366 563 1420 diore.
634 1363 913 1417 Stamina
954 1362 1055 1416 duo
1089 1361 1341 1428 lateralia,
1378 1362 1659 1416 antheris
1697 1361 2145 1438 oblongo-globosis
2187 1365 2562 1424 bilocularibus.

405 1451 697 1506 Ovarium
746 1448 886 1504 ovale
927 1467 1131 1502 sursum
1183 1456 1538 1513 attenuatum,
1601 1447 1893 1520 stigmate
1938 1449 2270 1507 verruculoso.
2345 1456 2566 1508 Baccae

404 1538 727 1614 subglobosae
775 1537 854 1590 vel
906 1536 1303 1610 globoso-acutae
1317 1574 1333 1602 ,
1387 1534 1644 1608 pedicellis
1693 1535 1925 1591 brevibus
1974 1540 2176 1594 circiter
2222 1536 2563 1615 aequilongae.

403 1630 526 1698 (sec.
562 1646 636 1700 sp.
674 1624 823 1679 Herb.
864 1627 935 1676 De
970 1626 1126 1691 Less.)

494 1750 752 1810 Adnot.
831 1746 1267 1824 Peperomia
1304 1744 1814 1806 rotundifolia
1862 1747 1925 1806 11.
1965 1748 2026 1807 Β.
2063 1748 2134 1809 K.
2169 1750 2248 1809 ob
2284 1750 2429 1812 folia
2462 1753 2554 1813 al-

415 1862 659 1926 terna,
711 1850 1046 1935 enervia,
1099 1848 1393 1927 glabra,
1449 1849 1722 1927 margine
1756 1851 1965 1910 saltem
2010 1852 2399 1930 pubescentia
2432 1855 2556 1917 huc

412 1953 853 2015 verisimillime
902 1972 1023 2011 non
1079 1952 1341 2028 pertinet
1382 1950 1485 2010 sed
1526 1952 1725 2029 potius
1761 1972 1872 2031 pro
1920 1954 1988 2014 A.
2038 1957 2558 2021 nummularifolio
2593 1990 2596 1994 ·

296 2127 303 2133 ,
338 2087 352 2094 -
410 2059 513 2118 vel
551 2057 669 2119 alia
709 2054 872 2115 affini
912 2054 1113 2134 specie
1152 2052 1448 2123 habenda.

499 2296 593 2357 IV.
677 2303 1256 2355 PEPEnonnA
1307 2315 1431 2355 umz
1486 2305 1549 2356 et
1601 2316 1783 2357 ravon
1847 2297 2055 2356 Prcdr.
2124 2299 2276 2359 Flor.
2338 2302 2555 2364 Peruv.

408 2424 474 2482 p.
518 2400 574 2462 8.
640 2403 995 2481 Micrcpiper
1033 2412 1088 2458 et
1133 2401 1483 2479 Peperomia
1514 2401 1659 2479 Miq.
1701 2399 1913 2459 Comm.
1946 2401 2219 2484 phytogr.
2266 2425 2327 2484 p.
2380 2404 2461 2467 37
2506 2419 2563 2467 et

415 2503 519 2565 39.
590 2505 862 2564 Tildenia
896 2503 1078 2585 ejusd.
1113 2505 1181 2560 in
1209 2502 1381 2562 Diar.
1407 2503 1558 2562 Inst.
1594 2523 1714 2583 req.
1744 2502 1976 2562 Nederl.
2002 2503 2176 2563 1842.
2218 2506 2557 2589 Duqaqelia

424 2607 757 2669 Gaudioh?
805 2608 1052 2667 Flores
1079 2606 1587 2683 hermaphroditi‚
1616 2607 1799 2665 dense
1836 2607 1932 2666 vel
1961 2618 2190 2668 remote
2205 2613 2558 2674 amentacei.

418 2709 1073 2786 Bracteaepeltatae,
1103 2708 1366 2766 breviter
1402 2706 1499 2765 vel
1534 2707 1912 2784 longiuscule
1941 2709 2364 2789 pedicellatae,
2399 2715 2558 2792 pelta

416 2830 661 2873 carnosa
703 2813 800 2872 vel
832 2813 1111 2884 foliacea‚
1142 2810 1520 2887 persistentes
1548 2809 1646 2868 vel
1682 2810 1992 2871 deciduae.
2077 2813 2397 2876 Stamina
2431 2817 2556 2880 duo

415 2916 706 2992 lateralia,
725 2914 1137 2975 silainentis
1155 2911 1444 2971 teretibus
1466 2911 1560 2970 vel
1580 2911 1890 2987 subulatis,
1909 2933 1991 2972 an
2008 2915 2083 2973 th
2098 2916 2248 2974 eris
2263 2918 2556 2982 bilocula·

413 3019 607 3093 ribus,
638 3017 853 3078 loculis
880 3016 1188 3096 appositis,
1223 3014 1452 3073 effoetis
1477 3034 1716 3073 sursum
1754 3014 2224 3093 confluentibus,
2259 3019 2403 3081 hinc
2419 3024 2554 3082 sub-

417 3120 913 3181 unilocularibus.
997 3120 1041 3177 0
1060 3138 1141 3177 va
1156 3116 1216 3175 ri
1232 3139 1269 3176 u
1283 3137 1343 3176 m
1361 3117 1559 3176 sessile
1573 3162 1592 3192 ,
1613 3116 1940 3185 ovoideum
1961 3119 2056 3178 vel
2077 3120 2432 3202 oblongum,
2452 3126 2559 3186 ali.

412 3224 661 3303 quando
687 3221 957 3282 foveolae
983 3221 1273 3280 rhacheos
1299 3221 1794 3296 subimmersum,
1828 3229 2063 3281 rectum
2094 3224 2195 3282 vel
2220 3225 2556 3306 obliquum.

415 3327 688 3405 Stigma
716 3324 940 3399 sessile,
977 3324 1341 3399 deciduum,
1373 3323 1824 3403 penicillatum‚
1856 3325 2161 3402 penicillis
2182 3328 2557 3407 longioribus
2593 3403 2594 3406 Ἴ

418 3427 521 3487 vel
555 3427 922 3518 exilissimis,
962 3434 1069 3486 aut
1102 3426 1375 3504 inapice
1410 3427 1602 3486 ovarii
1638 3427 1789 3485 recti
1837 3435 1942 3486 aut
1987 3428 2052 3486 in
2089 3431 2291 3490 antico
2327 3436 2558 3511 pariete

416 3531 608 3591 ovarii
662 3530 908 3609 oblique
961 3531 1291 3589 acuminati
1339 3538 1400 3589 et
1445 3538 1593 3589 tunc
1644 3530 2010 3609 plerumque
2062 3532 2552 3600 minutissimum.

420 3634 649 3693 Bacca
699 3634 938 3707 sessilis,
996 3632 1124 3692 fere
1180 3653 1447 3692 exsucca.
1531 3633 1943 3712 Pericarpium
1997 3642 2197 3697 tenue.
2280 3638 2556 3703 Semen

391 3736 760 3812 -conforme,
803 3743 986 3795 testa
1032 3736 1487 3796 membranacea
1524 3736 1622 3795 vel
1658 3735 1956 3812 coriacea‚
1999 3738 2382 3808 albumine
2416 3762 2554 3806 can-

416 3839 566 3898 dido
604 3839 879 3900 farinoso.
960 3839 1266 3919 Embryo
1308 3839 1760 3899 minutissimus.

497 3944 726 4003 Her-bae
760 3964 1068 4017 carnosae,
1103 3943 1474 4003 succulentae
1512 3942 1837 4020 aliquando
1873 3944 2341 4021 minutissimae,
2374 3950 2470 4009 vel
2499 3963 2559 4011 et

417 4048 856 4126 suffruticosae,
898 4056 1118 4105 erectae
1154 4047 1247 4106 vel
1275 4046 1644 4124 subrepentes
1678 4047 1922 4123 basique
1956 4047 2322 4124 radicantes,
2363 4070 2550 4111 ramo·

416 4170 514 4209 sae
529 4196 548 4227 ,
606 4152 790 4210 ramis
824 4150 1125 4231 foliisque
1178 4149 1421 4207 alternis
1439 4194 1456 4223 ‚
1518 4150 1803 4228 oppositis
1849 4148 1943 4206 vel
1988 4150 2362 4210 verticillatis
2380 4197 2397 4227 ,
2453 4154 2547 4215 liis

406 4254 747 4335 plerumque
791 4254 1124 4335 petiolatis,
1168 4252 1527 4311 succulentis
1570 4251 1666 4311 vel
1714 4271 1846 4310 raro
1893 4251 2381 4331 membranaceis,
2418 4257 2548 4338 gla-

413 4354 568 4433 bris,
612 4359 1068 4440 pubescentibus
1123 4356 1215 4416 vel
1263 4356 1600 4415 tomentosis
1617 4399 1634 4429 ,
1688 4354 1993 4414 costulatis
2031 4355 2124 4413 vel
2159 4356 2550 4431 multi-nervi.
