3153 5134
1405 384 1533 446 177

454 586 633 640 Scotto
677 583 785 638 III.
880 585 1256 638 Pnlcuunu.
1337 580 1826 636 lnt'lorescentia
1873 584 2162 656 paniculata
2204 574 2536 646 ramosissima

382 674 636 728 bracteata
651 710 668 738 ‚
704 671 890 725 ramis
934 668 1264 724 filiformibus
1294 668 1637 724 remotifloris.
1707 673 1919 726 Bractea
1950 673 2333 730 membranacea
2364 678 2539 750 paullo

377 780 530 834 supra
556 758 702 813 basin
729 757 903 812 affixa.
938 755 1137 830 stigma
1169 756 1436 812 minutum
1469 756 1912 814 biverruculosum
1945 762 2277 834 puberulum.
2322 766 2535 841 Reliqua

386 858 449 904 ut
478 851 535 903 iu
567 845 901 919 Hieropipeoe.

460 1020 599 1083 162.
681 1025 1134 1095 repen-omia
1192 1025 1530 1082 secunda
1582 1021 1751 1083 Βαίας
1796 1036 1853 1084 et
1896 1024 2075 1087 Pam!
2121 1029 2275 1090 Flor.
2316 1032 2532 1091 Peruv.

398 1126 555 1187 Tom.
593 1127 651 1186 Ι.
677 1147 741 1205 p.
771 1124 867 1184 45.
952 1123 1139 1204 Piper
1168 1142 1526 1183 racemosum
1565 1124 1725 1185 Vah!
1754 1126 1971 1187 Emona.
2010 1130 2172 1190 Tom.
2210 1131 2264 1189 I.
2292 1152 2356 1210 p.
2392 1133 2529 1193 337.

386 1231 463 1288 Ρ.
513 1228 925 1308 particulatam
988 1224 1192 1284 Willd.
1249 1225 1451 1284 Herh.!
1511 1226 1585 1286 P.
1645 1229 1966 1289 secundum
2022 1232 2189 1293 Poir.
2282 1233 2490 1295 Erecta
2510 1281 2529 1311 ,

387 1329 736 1390 succulenta
752 1375 770 1405 ,
821 1333 1177 1403 tomentosa,
1239 1326 1711 1404 simpliciuscula
1732 1373 1750 1403 ,
1793 1328 1953 1390 soliis
1984 1333 2413 1411 approximatis
2446 1339 2527 1397 al·

382 1434 568 1493 ternis
602 1434 668 1491 in
702 1432 876 1510 apice
909 1428 1103 1489 caulis
1140 1428 1425 1488 consertis
1459 1429 1639 1507 longe
1673 1431 1974 1509 petiolatis
1989 1480 2009 1510 ,
2051 1434 2532 1499 cordato-rotun-

381 1535 535 1595 datis
559 1531 952 1595 acutiusculis
979 1531 1076 1590 vel
1104 1530 1358 1605 obtusis,
1388 1531 2261 1613 quinque-subscptemnerviis
2273 1584 2292 1614 ,
2320 1541 2531 1601 subtus

380 1638 663 1717 inprimis
696 1637 759 1694 in
797 1635 1027 1709 nervis,
1060 1633 1299 1712 petiolis
1330 1634 1631 1713 cauleque
1668 1635 2295 1714 incano·tomentosis‚
2331 1661 2531 1702 amen·

380 1740 460 1799 tis
511 1742 577 1798 in
621 1737 812 1798 caulis
858 1738 1030 1815 apice
1063 1736 1340 1814 elongato
1375 1737 1621 1816 aphyllo
1658 1737 1966 1798 bracteato
1998 1740 2286 1801 confertis
2317 1763 2528 1805 nume-

377 1842 691 1905 rosissimis
759 1840 1332 1900 subunilateralibus
1401 1839 1785 1901 filiformibus
1848 1842 2232 1905 remotissoris
2254 1891 2270 1920 ‚
2330 1846 2532 1908 baccis

380 1947 836 2026 ovato-globosis
870 1943 1216 2004 rostellatis.

459 2075 616 2126 Icon.
647 2069 774 2125 Ruiz
804 2079 857 2123 et
881 2073 999 2123 PaV.
1028 2067 1068 2122 l.
1096 2085 1143 2123 c.
1172 2066 1297 2122 Tab.
1324 2071 1415 2123 45.
1444 2065 1537 2141 fig.
1570 2072 1626 2122 5.

458 2159 635 2214 norb.
671 2157 856 2213 Willd.
888 2176 941 2211 n.
973 2159 1105 2210 ⁷06!

464 2275 761 2335 Habitat
797 2275 860 2333 in
896 2272 1203 2335 montibus
1238 2270 1530 2332 Peruviae
1561 2271 1738 2352 (Ruiz
1775 2282 1835 2333 et
1854 2272 2010 2334 Pav.!
2034 2275 2099 2334 in
2119 2275 2296 2337 Herb.
2320 2278 2529 2339 Willd.

391 2387 457 2441 et
487 2399 612 2458 reg.
648 2376 870 2458 berol.)

457 2501 651 2558 Habitu
699 2499 939 2575 peculiari
957 2501 1007 2572 ¹)
1071 2507 1126 2555 et
1166 2498 1395 2572 partium
1434 2497 1685 2572 mor-phoci
1733 2496 2013 2554 admodum
2056 2499 2283 2575 insignis.
2372 2503 2541 2560 Caulis

383 2592 490 2649 scil.
538 2609 752 2666 superne
796 2588 1034 2664 aphyllus
1048 2627 1066 2657 ‚
1118 2586 1252 2643 foliis
1280 2586 1339 2642 in
1369 2586 1593 2642 bracteas
1627 2588 1869 2654 mutatis,
1913 2576 2137 2645 ramosus
2155 2629 2174 2658 ‚
2227 2591 2283 2645 in
2333 2602 2542 2649 amenta

382 2680 649 2735 filiformia
689 2677 1093 2733 numerosissima
1127 2676 1367 2731 finditur.
1440 2673 1650 2729 Caulis
1682 2676 2033 2745 succulentus,
2074 2679 2541 2738 tomentum-hirtus

380 2769 564 2823 sensim
597 2766 820 2841 glabrior
848 2754 1147 2839 petiolorum
1175 2762 1589 2819 cicatricibus
1617 2762 1854 2818 confertis
1887 2764 2081 2819 obsitus
2107 2771 2251 2821 2—8
2280 2778 2413 2823 cent.
2442 2769 2543 2825 cir·

380 2856 509 2911 citer
536 2855 674 2910 altus
688 2894 706 2923 ‚
742 2872 934 2909 crassus
949 2891 967 2922 ‚
1002 2853 1140 2926 apice
1167 2851 1298 2906 foliis
1327 2849 1758 2924 conferto-sparsis
1788 2870 1903 2907 raro
1937 2854 2099 2928 magis
2128 2854 2312 2909 dissitis
2336 2875 2538 2913 corona.

384 2953 497 3011 tus,
533 2962 681 3016 supra
723 2940 842 2998 folia
875 2941 989 2995 dein
1018 2940 1280 3013 elongatus
1297 2978 1314 3005 ‚
1351 2937 1517 3012 primo
1546 2937 1602 2991 in
1631 2957 1817 3011 paucos
1848 2959 2016 2994 ramos
2049 2960 2215 3014 sparse
2240 2952 2542 3001 tomentosos

382 3031 699 3086 succulentos
745 3029 961 3096 divisus,
1003 3047 1175 3083 versus
1225 3026 1421 3099 apicem
1465 3026 1836 3081 ramosissimus
1883 3027 2064 3081 sensim
2113 3029 2362 3103 glabrior‚
2398 3043 2449 3087 ct
2482 3034 2540 3089 in

384 3130 625 3175 amenta
655 3118 1062 3173 numerosissima
1084 3115 1264 3191 patula
1296 3114 1703 3170 subhomomalla
1729 3115 1972 3187 partitus,
2000 3114 2537 3177 inflorescentiam

385 3208 560 3263 sistens
609 3206 1033 3281 paniculatam
1079 3205 1494 3271 bracteatam‚
1533 3208 1606 3258 25
1642 3214 1774 3261 cent.
1807 3223 1931 3259 cum
1958 3206 2220 3261 communi
2248 3208 2535 3281 pedunculo

382 3293 601 3369 longam.
636 3320 709 3337 -
743 3293 912 3348 Folia
961 3283 1255 3347 succulenta
1301 3291 1558 3366 petiolis
1605 3293 1858 3365 patentim
1901 3295 2354 3352 tomentoso-hirtis
2391 3303 2551 3355 4-5-

385 3384 468 3437 vel
496 3395 549 3438 et
577 3388 612 3438 7
639 3393 769 3438 cent.
799 3382 988 3455 lougiS‚
1023 3381 1080 3435 in
1109 3382 1237 3435 sicco
1267 3379 1651 3434 membranacea
1669 3421 1685 3447 ‚
1736 3399 1888 3454 supra
1937 3381 2113 3454 glabra
2128 3421 2145 3449 ‚
2180 3382 2360 3438 subtus
2392 3406 2534 3460 prae,-

382 3471 559 3525 sertim
598 3470 654 3524 in
702 3470 868 3524 nervis
913 3478 967 3524 ct
1010 3469 1150 3523 venis
1192 3469 1675 3522 incano—tomentosa
1691 3508 1707 3536 ‚
1760 3469 1876 3542 pilis
1931 3470 2089 3543 longis
2136 3474 2402 3544 appressiS‚
2447 3477 2531 3535 vel

380 3559 563 3615 saltem
605 3557 1298 3632 arachnoideoepuhescentia‚
1345 3557 1836 3612 rotundato-cordata
1855 3598 1871 3627 ‚
1923 3558 2031 3614 basi
2075 3559 2253 3615 leviter
2298 3562 2497 3617 cordata
2514 3602 2532 3633 ‚

386 3646 693 3721 aequilatera
706 3688 723 3716 ‚
788 3647 928 3721 apice
986 3646 1160 3721 paullo
1219 3653 1470 3719 protracto
1529 3645 1847 3700 acutiuscula
1901 3646 1982 3699 vel
2032 3648 2502 3707 rotundato-obtusa
2516 3691 2534 3721 ‚

385 3740 665 3801 4—6—7}
697 3746 831 3791 cent.
862 3736 1043 3809 longa,
1078 3732 1287 3789 3—fere
1315 3739 1349 3787 5
1381 3752 1490 3787 raro
1521 3738 1554 3787 8
1587 3733 1720 3801 lata,
1762 3732 2012 3808 quinque·
2045 3734 2119 3788 vel
2149 3740 2534 3809 septemnervia‚

384 3823 551 3879 nervis
598 3824 842 3878 tenuibus
862 3863 879 3891 ‚
928 3823 1094 3877 medio
1134 3823 1200 3877 ad
1228 3823 1421 3896 apicem
1453 3822 1663 3896 reliquis
1690 3840 1861 3876 versus
1890 3824 2148 3898 margines
2179 3828 2503 3884 tendentibus
2520 3870 2534 3884 .

385 3912 550 3966 medio
584 3912 662 3966 his
704 3911 909 3978 trifido,
954 3911 1159 3984 reliquis
1187 3910 1341 3964 latere
1370 3910 1609 3964 exteriore
1638 3910 1846 3964 ramosis
1864 3949 1880 3978 ,
1913 3921 1966 3964 ct
1994 3912 2229 3985 inprimis
2263 3915 2318 3967 in
2353 3917 2536 3988 pagina

387 3998 484 4055 inf.
527 3998 592 4052 ob
624 3998 748 4073 pilos
778 3998 983 4051 incanos
1010 3996 1071 4050 iis
1098 3997 1354 4069 impositos
1385 3996 1798 4052 distinct-issimi&
1870 3999 2079 4053 Caulis
2111 4019 2245 4072 pars
2280 4004 2534 4057 amenti-

383 4083 510 4140 fera
537 4084 625 4138 ubi
654 4084 711 4138 in
742 4103 907 4139 ramos
935 4082 1015 4140 vel
1045 4092 1249 4136 amenta
1275 4081 1530 4147 finditur,
1564 4082 1849 4138 bracteas
1891 4083 1990 4138 fert
2019 4084 2382 4156 glabriusculas
2416 4089 2530 4144 lan·

383 4173 597 4229 oeolatas
636 4175 857 4248 exiguas.
947 4178 1053 4228 Am
1064 4179 1209 4226 enta
1235 4170 1341 4243 ipsa
1370 4170 1594 4225 conferta
1611 4210 1628 4239 ‚
1657 4172 1913 4226 nascentia
1937 4172 2227 4228 densissima
2259 4175 2531 4234 unilatera·

449 4375 490 4443 ¹)
529 4380 637 4446 Pep.
674 4380 950 4449 (Tildeniae)
984 4380 1279 4432 stoloniferae
1311 4377 1462 4447 quoad
1497 4381 1612 4430 folia
1645 4380 1774 4430 haud
1805 4381 2046 4430 absimilis.

2135 4473 2179 4509 n
