3153 5134
1626 379 1759 446 230

610 581 978 645 subrubentes·
1034 584 1289 635 Amen‘ta
1326 578 1523 646 dioica,
1554 596 1738 635 masc.
1782 577 2136 653 pedunculo
2164 584 2236 646 2}
2274 591 2415 644 cent,
2454 580 2610 656 longo
2647 599 2759 648 sus-

615 679 794 738 tenta,
841 668 1049 737 tenuia,
1099 665 1291 742 pallide
1338 665 1667 734 latescentia,
1712 665 1875 721 odoris
1917 667 2086 741 grati,
2133 669 2352 722 10—-13
2398 677 2536 726 cent.
2580 662 2764 743 longa,

614 755 889 812 bracteis
919 755 1148 829 peltatis,
1183 754 1491 821 imbricatis,
1528 753 1740 828 glabris,
1778 754 2099 828 marginibus
2126 755 2427 811 extenuatis.
2497 755 2770 812 Rbacbis

612 846 751 900 inter
793 844 1016 899 bracteas
1037 840 1047 853 ¹
1060 842 1182 917 pilis
1221 840 1554 897 tenerioribus
1598 842 1779 897 nitidis
1822 842 2018 898 vestita.
2098 843 2380 899 Stamina
2422 841 2522 899 sub
2564 843 2769 918 singula

613 931 818 987 bractea
843 931 1146 1006 plerumque
1174 934 1239 998 2,
1268 929 1629 999 *filamentis
1660 929 1897 984 brevibus
1924 930 2137 985 carnosis
2163 931 2526 1005 complanatis,
2555 931 2771 987 anthe-

616 1019 709 1074 ris
748 1017 1112 1073 bilocularibus
1142 1017 1287 1085 latis,
1322 1016 1635 1088 rotundatis,
1670 1015 1806 1071 rima
1833 1016 2031 1092 duplici
2058 1017 2320 1074 hiantibus
2347 1021 2466 1091 (sec.
2494 1039 2570 1094 sp.
2601 1029 2768 1095 spont-

598 1110 769 1162 'masc.
794 1107 972 1180 javan.
1007 1105 1159 1160 Herb.
1194 1104 1353 1178 Lugd.
1381 1107 1521 1176 nat.)

685 1199 749 1249 In
775 1213 859 1267 sp.
883 1193 1175 1268 incompl.
1201 1192 1656 1251 Burmanniano
1678 1191 1829 1248 folia
1853 1192 2110 1249 nascentia
2130 1192 2535 1263 membr-macca,
2564 1194 2766 1269 glabra,

614 1281 860 1356 utrinque
896 1281 1154 1354 glandulis
1191 1279 1345 1335 fuscis
1383 1279 1448 1334 ad
1485 1279 1681 1334 lentem
1714 1288 1963 1353 punctata
1990 1280 2075 1335 sed
2108 1281 2193 1335 vix
2221 1281 2767 1360 pellucido-punctam,

611 1369 812 1423 venulis
839 1379 1013 1424 autem
1039 1367 1306 1442 pellucidis
1328 1368 1615 1433 reticulata,
1644 1368 2141 1441 subnoveno-nervia,
2168 1369 2420 1444 petiolis
2460 1370 2699 1444 utrinque
2734 1391 2766 1426 e

607 1456 867 1532 stipulis
913 1456 1112 1511 adnatis
1139 1457 1222 1511 scd
1253 1456 1406 1510 citius
1438 1455 1619 1511 solutis
1650 1456 1818 1512 alatis.
1887 1454 2139 1531 stipula
2186 1457 2519 1534 oppositifolia
2546 1469 2762 1536 anguste

608 1544 889 1601 lanceolata
919 1546 1212 1600 acuminata
1244 1547 1425 1610 1}·—3
1456 1552 1594 1599 cent.
1623 1542 1774 1619 longa
1804 1545 1922 1616 (seo.
1952 1563 2029 1618 sp.
2055 1543 2154 1602 Hb.
2182 1546 2364 1617 Vries.)

565 1695 568 1698 ⁴
675 1634 985 1703 Specimina
1019 1633 1213 1686 Indiae
1248 1630 1555 1686 orientalis.

678 1719 925 1776 Ramuli
970 1719 1208 1788 flexuosi,
1255 1718 1312 1773 in
1359 1720 1490 1774 sicco
1535 1717 1734 1774 sordide
1776 1719 1933 1787 fusci,
1981 1719 2451 1795 tereti-compressi,
2493 1719 2758 1795 angulosi,

606 1808 832 1864 striulati
849 1846 867 1874 ,
917 1807 1113 1882 glabri,
1163 1807 1460 1862 internodiis
1502 1811 1650 1862 4-5
1692 1817 1827 1865 cent.
1870 1807 2062 1882 longis,
2101 1809 2246 1864 nodis
2284 1808 2525 1876 tumidis,
2574 1809 2758 1881 griseo-

606 1896 924 1970 marginatis.
994 1894 1166 1950 Folia
1215 1895 1494 1968 petiolata,
1534 1895 1736 1969 petiolis
1774 1896 1982 1964 erectis,
2025 1895 2234 1951 laminis
2269 1895 2580 1969 patentibus„
2652 1899 2751 1952 Pe·

603 1983 749 2038 tioli
786 1983 1091 2038 semiteretes
1124 1983 1318 2056 glabri,
1358 1983 1529 2038 antice
1560 1981 1906 2051 caualiculati,
1951 1983 2206 2058 usquead
2238 1983 2471 2037 medium
2507 1983 2756 2056 utrinque

606 2071 844 2144 stipula
883 2073 1083 2142 enervi,
1130 2071 1515 2129 membranacea
1555 2073 1734 2148 glabra
1776 2073 1878 2127 cito
1912 2071 2124 2128 decidua
2157 2073 2295 2126 aucti
2327 2082 2380 2127 et
2411 2070 2534 2126 dein
2560 2072 2761 2128 cicatri-

614 2158 738 2226 sati,
784 2164 1000 2226 13—2}
1043 2170 1178 2216 cent.
1215 2154 1382 2235 longi3
1429 2161 1718 2216 laminae'
1737 2159 1944 2215 adultae
1979 2161 2225 2214 coriaceae
2260 2177 2461 2232 opacae,
2504 2170 2764 2217 nascentes

607 2245 1042 2316 membranaceae,
1091 2267 1247 2324 quam
1297 2248 1629 2323 subtilissime
1673 2246 2221 2321 pellucido—punctatae
2259 2247 2556 2323 venulisque
2601 2248 2758 2304 etiam

604 2333 899 2408 pellucidis,
944 2334 1171 2408 glabrae,
1217 2354 1365 2408 supra
1402 2334 1562 2388 laeves
1600 2333 1791 2388 nitidae
1824 2334 1990 2388 nervis
2030 2333 2275 2403 lineatae,
2326 2334 2509 2390 subtus
2540 2335 2759 2409 pallidae

613 2421 778 2475 nervis
820 2422 1221 2496 prominentibus
1257 2421 1407 2476 fuscis
1440 2430 1723 2494 perteusae,
1757 2421 2155 2477 anastomosibus
2188 2433 2365 2478 autem
2397 2422 2537 2478 baud
2568 2424 2759 2498 promi-

608 2509 867 2580 nentibus,
893 2509 935 2566 f.
959 2509 1324 2566 inferiorum
1349 2509 1667 2579 lato-ovatae,
1692 2510 2044 2585 aequilaterae,
2072 2511 2180 2565 basi
2209 2511 2346 2567 baud
2375 2510 2621 2587 profunde
2646 2531 2751 2567 cor·

608 2600 784 2668 datae,
825 2599 956 2654 lobis
989 2600 1196 2655 omuino
1232 2598 1617 2654 conniventibus
1654 2609 1706 2653 et
1742 2599 1842 2655 sibi
1877 2599 1980 2655 fere
2010 2601 2359 2676 suprapositis,
2396 2601 2540 2675 apice
2574 2601 2757 2655 sensim

610 2689 831 2743 breviter
860 2688 1203 2755 acuminatae,
1239 2687 1476 2742 acumine
1504 2696 1683 2757 acuto,
1719 2688 2037 2762 marginibus
2062 2689 2344 2757 revolutae,
2380 2694 2449 2744 14
2480 2698 2615 2743 cent.
2647 2687 2760 2743 lon-

610 2796 733 2849 gae,
764 2780 906 2830 8-9
943 2775 1104 2843 latae,
1140 2775 1533 2849 septuplinerves
1566 2775 1645 2830 vel
1680 2776 1894 2832 nervulo
1926 2778 2193 2833 accessorio
2222 2777 2497 2853 aliquando
2525 2777 2760 2834 suboctu-

612 2864 883 2939 plinerveS,
929 2864 1099 2919 nervis
1144 2869 1180 2918 3
1225 2863 1410 2918 mediis
1452 2864 1628 2938 paullo
1671 2884 1825 2938 supra
1864 2864 2007 2920 basin
2048 2865 2225 2921 solutis
2261 2885 2423 2940 usque
2461 2866 2526 2921 ad
2562 2865 2759 2939 apicem

609 2953 806 3019 ductis,
838 2950 1051 3025 reliquis
1085 2948 1187 3004 fere
1217 2968 1246 3005 e
1275 2949 1383 3005 basi
1415 2951 1566 3019 ortis,
1600 2970 1819 3026 quorum
1850 2953 2074 3025 superior
2105 2953 2303 3009 validus
2332 2953 2438 3009 fere
2464 2952 2531 3008 ad
2563 2952 2758 3025 apicem

610 3038 877 3137 pertingit,
920 3037 1124 3091 inferior
1159 3036 1396 3091 subtilior
1428 3037 1490 3091 ad
1533 3043 1564 3106 ᾖ
1606 3037 1699 3094 alt.
1771 3039 2129 3096 Laminaef.
2162 3041 2547 3114 superiorum
2581 3038 2760 3113 paullo

607 3125 774 3201 magis
800 3124 1220 3199 inaequilaterae,
1257 3135 1452 3193 ovatae,
1483 3125 1895 3201 ovato-oblongae
1923 3128 2000 3181 vel
2028 3126 2295 3201 oblongae,
2325 3126 2434 3182 basi
2459 3126 2758 3225 subaequali

607 3215 790 3273 leviter
823 3214 1055 3269 cordatae
1080 3224 1173 3269 aut
1203 3214 1526 3282 rotundatae,
1556 3214 1697 3288 apice
1727 3213 1905 3287 paullo
1932 3212 2192 3287 obliquius
2220 3214 2571 3281 acuminatae,
2596 3213 2766 3270 nervis

611 3301 848 3357 omnibus
881 3300 1056 3374 paullo
1088 3299 1334 3356 remotius
1367 3320 1398 3355 a
1431 3300 1541 3355 basi
1573 3299 1725 3368 ortis,
1766 3300 1987 3354 10—'13
2016 3309 2148 3354 cent.
2181 3299 2386 3374 longae,
2425 3305 2570 3355 6-8
2603 3299 2760 3359 latae.

609 3387 861 3463 stipula
888 3389 1318 3463 oppositilolia
1342 3393 1412 3462 1}
1429 3399 1561 3444 cent.
1576 3388 1727 3463 longa
1740 3386 2017 3442 lanceolata
2028 3385 2322 3454 convoluta,
2338 3385 2516 3461 glabra
2532 3387 2765 3446 decidua.

612 3483 873 3534 Amenta
903 3494 1084 3531 masc.
1119 3476 1173 3530 in
1208 3476 1423 3531 summis
1456 3474 1672 3530 ramulis
1702 3474 2035 3550 oppositifolia
2066 3474 2174 3546 (sed
2203 3475 2433 3530 nondum
2466 3484 2670 3534 matura
2701 3496 2764 3533 ac

611 3566 872 3637 corrupta)
902 3563 1281 3637 pedunculis
1311 3562 1498 3636 glabris
1530 3562 1607 3619 vel
1636 3582 1802 3618 versus
1832 3563 2029 3637 apicem
2058 3562 2143 3617 hic
2175 3562 2286 3619 illie
2312 3563 2765 3638 floccoso-puberu-

608 3652 675 3707 lis
722 3658 756 3707 2
803 3661 938 3707 cent.
981 3652 1142 3726 longis
1182 3660 1437 3719 sustenta,
1478 3655 1662 3721 22²5—3
1706 3661 1839 3707 cent.
1877 3651 2051 3725 longa,
2094 3661 2254 3719 recta,
2298 3646 2577 3726 cylindriea
2614 3657 2760 3709 2—3

609 3759 740 3795 mm.
776 3759 963 3820 crassa,
1000 3740 1237 3819 adspectu
1273 3738 1861 3813 nigro—albo-maculata.
1931 3742 2219 3793 Bracteae
2253 3739 2545 3795 densissime
2577 3739 2758 3793 imbri·

606 3838 751 3882 eatae
780 3827 1026 3889 coriaeeae
1061 3825 1254 3881 sessiles
1286 3825 1818 3899 oblongo—rotundatae
1848 3823 2208 3898 nigro-fuscae,
2240 3826 2434 3900 pallide
2462 3828 2759 3881 luteo-mar-
2839 3827 2844 3832 ’

607 3915 815 3989 ginatae
857 3924 1156 3970 extenuatae
1202 3914 1299 3969 lere
1342 3911 1601 3969 ciliolatae
1617 3950 1635 3980 ,
1684 3911 1824 3986 apice
1866 3911 2087 3967 clevatae
2128 3916 2247 3985 (see.
2291 3933 2371 3988 sp.
2411 3913 2566 3969 Rnxb.
2605 3912 2761 3970 Herb-

607 4008 680 4062 De
709 4002 865 4073 LesS.)

682 4096 746 4146 In
775 4108 926 4162 spec.
952 4087 1215 4144 femineo
1243 4088 1417 4144 Herb.
1448 4085 1890 4157 Wallichiani,
1926 4088 1987 4142 de
2013 4107 2113 4163 quo
2138 4108 2266 4143 num
2297 4088 2503 4143 cultum
2531 4096 2625 4142 aut
2651 4086 2755 4163 syl-

613 4188 772 4234 vestre
802 4178 897 4245 sit,
927 4176 1069 4232 haud
1096 4185 1410 4248 compertum
1439 4175 1624 4243 babeo,
1657 4177 1812 4231 folia
1838 4187 1961 4231 sunt
1992 4186 2165 4245 ovata,
2196 4177 2517 4245 acuminata,
2545 4176 2654 4231 basi
2677 4176 2758 4233 in·

611 4266 886 4340 aequaliter
922 4264 1143 4331 cordata,
1187 4263 1597 4332 9—11—nervia3
1642 4273 1881 4319 amenta
1905 4263 2297 4338 patulo-deflexa
2323 4268 2394 4327 1}
2422 4272 2556 4319 cent.
2581 4264 2756 4341 longa,

613 4358 649 4408 2
681 4373 810 4410 mm.
840 4372 1026 4422 crassa,
1061 4350 1433 4434 pedunculis
1462 4354 1531 4426 ΖΞ
1562 4356 1696 4409 c'ent.
1732 4351 1893 4426 longis
1922 4370 2125 4408 sursum
2174 4351 2464 4409 incrassatis
2499 4362 2762 4424 sustenta,
