3153 5134
1300 413 1306 419 ⁴
1424 334 1554 396 203

429 535 575 595 duos
616 552 810 593 ramos
854 518 927 590 oa·
970 530 1170 591 eadem
1216 530 1406 591 axilla
1447 542 1604 590 oreos
1642 527 2083 593 suhumheuati,
2121 535 2560 615 inaequalibus,

415 636 793 718 pedioellatis
809 679 829 710 ,
879 632 1281 714 virginalibus
1328 634 1548 713 pociolo
1596 634 1962 714 bracteisque
2005 638 2355 717 stipulaoeiae
2398 659 2569 699 inem·

427 739 770 815 branaceis,
798 738 950 796 ‘dein
974 738 1319 817 plerumque
1358 737 1632 798 deciduis
1668 730 1920 798 inclusis
1932 782 1951 814 ,
1991 739 2192 800 buceio
2230 742 2572 801 minutissi-

427 844 544 902 mis
556 886 576 917 ,
620 840 1159 921 donato-trigonis.

499 988 879 1043 Observatio.
951 991 1122 1042 Genus
1152 985 1430 1041 admodum
1460 985 1723 1052 naturale,
1762 984 2082 1058 Piperoerum
2113 986 2290 1040 seriem
2320 985 2465 1061 quasi
2498 986 2579 1040 in-

425 1074 636 1143 choans,
672 1093 703 1129 a
734 1074 1059 1148 Peperomieis
1086 1084 1261 1129 autem
1294 1072 1453 1129 caulis
1479 1072 1790 1140 evolutione,
1825 1071 2032 1146 stipulis
2062 1073 2390 1145 petiolaribus
2403 1113 2421 1142 ,
2456 1073 2577 1146 stig·

428 1164 652 1218 mutibus
676 1163 884 1218 omnino
907 1162 972 1216 ad
998 1163 1316 1235 Piperearum
1345 1178 1578 1214 normam
1608 1158 1887 1214 efformatis
1913 1159 2334 1229 diversissimum,
2368 1166 2584 1215 Macro-

428 1251 629 1325 piperi
669 1250 768 1305 fere
793 1248 1085 1321 analogum.
1157 1247 1561 1303 infloresoentiae
1586 1246 1645 1300 in
1665 1246 1855 1301 Ordine
1885 1246 2030 1321 quasi
2062 1246 2370 1302 abnormalis
2399 1257 2587 1303 natura

432 1336 801 1411 morphologioa
816 1374 834 1404 ,
864 1335 905 1389 si
933 1344 1073 1388 recte
1101 1332 1454 1406 intelligatur,
1481 1332 1605 1386 satis
1629 1331 1759 1386 bene
1787 1351 1909 1388 cum
1933 1342 2256 1387 amentorum
2288 1333 2344 1387 in
2375 1331 2589 1406 Pipereis

432 1425 721 1481 evolutione
746 1420 1081 1496 oppositifolia
1108 1420 1389 1493 comparari
1413 1428 1595 1494 potest,
1623 1419 1664 1473 si
1689 1438 1868 1492 nempe
1888 1419 2236 1492 pedunculum
2261 1438 2586 1474 communem

428 1521 751 1567 amentorum
792 1508 886 1563 tibi
922 1507 1087 1580 fingas
1123 1516 1372 1581 tanquam
1410 1526 1618 1562 ramum
1655 1517 1825 1561 totum
1864 1507 2134 1582 aphyllum
2172 1507 2373 1581 stipulis
2402 1507 2584 1567 saltem

427 1600 690 1665 foliorum,
707 1595 895 1671 quibus
917 1594 1234 1668 pedunculus
1256 1596 1540 1653 communis
1563 1598 1789 1666 (ramus)
1811 1606 1864 1649 et
1887 1596 2088 1668 singula
2113 1606 2316 1649 amenta
2342 1594 2581 1667 (ramuli)

427 1687 649 1761 opposita
681 1692 866 1750 essent,
911 1681 1283 1755 superstitibus·
1357 1681 1803 1752 Quemadmodum
1842 1684 1981 1736 enim
2021 1682 2080 1736 in
2119 1683 2327 1756 Pipeoeis
2365 1682 2587 1755 stipulae

429 1772 617 1849 petiolo
641 1770 855 1826 adnatae
881 1778 1085 1823 amenta
1110 1768 1379 1842 virginalia
1406 1769 1501 1823 sibi
1528 1770 1750 1843 opposita
1776 1770 2082 1838 includunt,
2111 1770 2186 1825 ita
2208 1780 2262 1824 et
2284 1770 2370 1824 hic
2394 1768 2586 1842 stipula

429 1859 835 1916 bracteaeformis
873 1860 1031 1929 (nunc
1070 1856 1136 1910 ob
1176 1854 1283 1911 folii
1320 1856 1401 1911 sui
1441 1857 1678 1912 abortum
1719 1858 1885 1932 magis
1935 1858 2157 1930 evoluta)
2203 1858 2588 1913 membranacea

431 1956 698 2003 amentum
725 1944 959 2000 involvit.
997 1949 1334 1999 Amentorum
1364 1944 1537 2019 itaque
1564 1944 1796 1999 umbella
1826 1945 1912 2000 hio
1932 1955 2192 2000 contracta
2219 1944 2393 1999 axium
2419 1946 2591 2000 evolu-

432 2036 570 2091 tione
605 2033 796 2100 oritur,
833 2040 1020 2086 natura
1053 2031 1370 2104 Piperearum
1403 2042 1623 2100 servata,
1657 2052 1750 2087 neo
1782 2044 1847 2088 ut
1876 2034 1930 2087 in
1967 2033 2291 2106 Peperomieis
2321 2052 2379 2087 ex
2410 2033 2583 2088 evolu-

433 2124 568 2179 tione
612 2130 933 2176 amentorum
974 2119 1173 2199 axillari
1213 2118 1523 2194 explicanda.
1597 2120 1801 2175 Folium
1848 2140 1877 2175 e
1920 2122 2072 2195 cujus
2112 2121 2264 2175 axilla
2305 2116 2583 2194 pedunculi

434 2212 697 2278 oriuntur,
739 2209 957 2283 pertinet
994 2207 1056 2262 ad
1102 2209 1445 2263 internodium
1486 2209 1584 2263 sibi
1624 2210 1940 2283 suppositum
1978 2220 2031 2265 et
2068 2229 2242 2264 ramus
2274 2209 2588 2284 vegetativus

437 2299 527 2373 qui
559 2317 711 2371 supra
737 2296 926 2351 folium
955 2296 1292 2351 continuatur
1312 2316 1402 2369 pro
1428 2296 1624 2351 nomali
1649 2315 1856 2370 gemma
1884 2297 2085 2352 axillari
2099 2297 2362 2364 habendus
2372 2296 2589 2353 videtur.

438 2385 641 2461 stipula
679 2384 974 2452 bractealis,
1019 2383 1367 2458 pedunculum
1409 2384 1696 2452 involvenS,
1739 2394 1817 2439 est
1842 2383 2030 2458 stipula
2067 2384 2175 2439 folii
2217 2383 2463 2450 abortivi,
2506 2383 2591 2439 oui

440 2473 756 2550 pedunculus
783 2472 1037 2547 oppositus
1063 2482 1167 2542 oet,
1202 2481 1255 2526 et
1288 2490 1331 2527 s.
1362 2490 1413 2546 p.

1016 2666 1550 2728 DIFFERENTIAE
1591 2665 2014 2726 SPECIERUM.

443 2897 494 2934 a.
566 2874 706 2930 Folia
740 2872 948 2948 peltata.
1040 2875 1130 2945 Sp.
1167 2876 1330 2928 1-4.

569 2982 624 3019 α.
694 2961 1093 3017 membranacea.
1163 2964 1250 3035 Sp.
1286 2964 1348 3028 1,
1386 2964 1451 3028 3,
1485 2962 1540 3014 4.

767 3068 915 3125 supra
946 3047 1140 3123 glabra.
1213 3053 1268 3105 4.

768 3156 918 3212 supra
955 3156 1123 3192 versus
1157 3134 1438 3210 margines,
1470 3130 1653 3188 subtus
1688 3130 1746 3185 in
1782 3128 1983 3186 venulis
2017 3128 2240 3186 hirtella.
2316 3136 2369 3187 1.

769 3227 953 3281 subtus
990 3225 1213 3281 hii-tella.
1286 3229 1343 3279 3.

565 3327 626 3386 β.
698 3316 932 3372 coriaoea.
1003 3319 1088 3387 Sp.
1125 3318 1180 3368 2.

448 3402 500 3460 h.
568 3423 667 3457 non
702 3402 914 3476 peltata.
984 3404 1069 3474 Sp.
1107 3403 1306 3453 5—10.

566 3510 621 3547 α.
691 3491 807 3545 novi
843 3489 996 3545 orbis.
1065 3490 1151 3559 Sp.
1185 3490 1350 3540 5—8.

768 3574 1266 3633 cordato-rotundata
1282 3612 1300 3642 ,
1332 3567 1575 3646 utrinque
1603 3569 1897 3645 praesertim
1925 3569 1985 3625 in
2010 3568 2175 3624 nervis
2211 3567 2589 3645 birtello-pube-

771 3666 905 3721 rula.
978 3671 1032 3721 5.

773 3753 1262 3809 reniformiffiordata
1277 3791 1293 3820 ‚
1330 3750 1383 3805 in
1420 3749 1589 3805 nervis
1623 3747 1845 3803 tenuiter
1877 3744 2140 3819 puberula.
2212 3750 2265 3802 6.

775 3840 958 3894 subtus
992 3841 1048 3894 in
1084 3840 1249 3895 nervis
1283 3839 1841 3893 ochraoeo·tomentosa.
1916 3838 1968 3889 7.

777 3926 961 3981 subtus
996 3925 1568 3999 hirtelloepubesoentia‚
1604 3923 1801 3998 petiolis
1835 3920 2215 3977 aureo-villosis.
2287 3926 2340 3978 8.

564 4028 629 4090 β.
697 4024 1064 4090 gerontogaeae.
1132 4019 1217 4087 Sp.
1254 4018 1452 4068 9—10.
2175 4022 2179 4026 “

538 4212 594 4272 1.
676 4209 1239 4282 rothomomhe
1293 4207 1620 4280 peltata.
1678 4235 1760 4248 -
1803 4161 1884 4264 Ῥ.
1925 4200 2154 4281 peltata
2204 4210 2261 4258 et
2295 4199 2595 4279 pruinosa

463 4325 602 4402 Miq.
638 4315 855 4379 Comm.
879 4316 1151 4397 phytogr.
1178 4332 1239 4391 p.
1273 4308 1354 4372 37
1386 4319 1442 4368 et
1475 4306 1572 4368 45.
1615 4309 1803 4386 Piper
1823 4304 2113 4384 peltatum
2144 4303 2326 4366 Lina.
2368 4303 2472 4386 sp.
2492 4304 2590 4366 42.
