3153 5134
1604 331 1734 394 208

593 534 657 590 2⁸
685 548 837 607 supra
868 537 905 605 ᾗ
936 529 1030 585 alt.
1062 547 1093 583 a
1119 527 1253 599 basi)
1283 545 1407 582 cum
1436 527 1598 584 ramis
1626 524 1877 602 supremis
1904 523 1969 582 ad
1998 524 2194 600 apicem
2223 526 2414 597 duct03
2447 522 2740 591 lateralibus

593 639 766 676 versus
808 619 1062 692 margines
1108 616 1341 671 iteratim
1384 614 1555 671 bifidis
1592 624 1646 669 et
1674 615 1880 689 insuper
1906 615 2306 671 anastomosibus
2335 616 2741 689 prominentibus

592 707 846 781 parallelis
889 706 985 761 sub
1029 703 1232 779 angulis
1274 704 1427 759 rectis
1474 702 1600 758 ortis
1642 703 1947 777 conjunctis.
2018 703 2459 765 Folia-minora
2484 710 2737 773 11—-1431

588 803 723 851 cent.
766 794 952 868 longa,
1007 795 1181 847 8-11
1233 790 1340 845 lata
1357 828 1374 858 ‚
1424 789 1738 862 longiuscule
1777 788 2071 844 acuminata
2088 827 2106 858 ‚
2157 790 2395 845 acumine
2438 791 2619 849 obtuso
2650 795 2735 851 vel

586 892 760 949 muto,
810 878 1180 946 '7-9-nervia‚
1215 897 1368 933 nervo
1412 877 1581 932 medio
1625 877 1781 932 semel
1828 877 1896 932 ad
1926 881 1960 940 ἑ
1997 877 2089 934 alt.
2138 876 2318 933 bifido.
2389 879 2733 935 Pedunculi

587 986 935 1025 communes
960 970 1053 1040 (an
1082 964 1297 1022 solitarii
1325 964 1408 1019 vel
1437 963 1655 1038 gemini)
1700 967 1882 1037 3;—4
1920 973 2055 1020 cent.
2092 964 2235 1037 longi
2261 964 2462 1038 glabri,
2496 966 2731 1023 resinosa·

582 1056 860 1130 glandulosi
879 1094 896 1123 ,
933 1065 1086 1110 tetra-
1115 1053 1197 1108 vel
1225 1050 1595 1127 pentastachyi.
1666 1053 1954 1112 Bracteae
1998 1050 2383 1122 stipulaceae
2410 1062 2615 1108 amenta
2642 1054 2733 1110 sti·

581 1155 760 1218 pantes
802 1143 1103 1199 lanceolatae
1147 1139 1558 1195 membranaceae
1603 1136 1809 1212 glabrae
1848 1135 2175 1211 glandulosae
2200 1143 2339 1203 ἦ--1
2367 1149 2501 1196 cent.
2531 1140 2730 1222 longae.

582 1237 841 1287 Amenta
875 1230 1101 1285 nondum
1132 1227 1368 1283 florentia
1396 1224 1712 1300 cylindrum,
1750 1234 1920 1292 recta,
1956 1229 2176 1288 5-1οἑ
2208 1235 2342 1281 cent.
2366 1225 2544 1300 longa,
2582 1231 2730 1284 2—:3

584 1337 923 1386 mmcrassa,
946 1317 1185 1390 adspectu
1199 1316 1358 1390 grisea
1371 1312 1814 1386 veneten-grisea,
1850 1311 2224 1385 pedunculis
2250 1316 2430 1376 1-Ῑὲ
2457 1323 2593 1369 cent.
2616 1315 2730 1369 lon·

582 1406 661 1480 gis
689 1404 875 1479 glabris
903 1401 1211 1477 glandulosis
1242 1409 1485 1456 sustenta.
1558 1399 1799 1454 Pedun‘c
1810 1399 1903 1454 uli
1930 1417 2223 1456 communes
2251 1410 2304 1455 et
2325 1400 2562 1474 partiales
2590 1402 2729 1458 haud

580 1492 732 1549 crassi
777 1492 856 1563 (in
902 1491 1033 1546 sicco
1079 1490 1162 1544 vix
1204 1492 1347 1544 1—2
1398 1488 1552 1557 mm.)
1624 1490 1914 1543 Bracteae
1945 1487 2311 1561 pedicellatae‚
2346 1488 2484 1562 pelta
2515 1500 2729 1563 anguste

581 1577 878 1635 semilunari
925 1587 1100 1632 centro
1141 1574 1282 1630 nuda
1327 1572 1655 1648 glandulosa,
1705 1571 2026 1647 marginibus
2058 1574 2180 1647 pilis
2212 1575 2544 1650 flavo-griseis
2569 1576 2729 1631 hirto—

578 1666 771 1722 ciliata.
856 1664 1137 1720 Stamina
1173 1667 1228 1718 2.
1315 1660 1624 1724 Antherae
1663 1658 1962 1716 biloculares
2003 1659 2170 1716 dilute
2201 1661 2393 1731 flavae,
2433 1664 2727 1719 connectivo

579 1753 718 1827 apice
745 1750 1061 1824 glanduloso.
1098 1750 1215 1820 (sec.
1246 1767 1322 1820 sp.
1352 1747 1468 1817 cit.)

654 1837 884 1892 Habitu
929 1855 989 1891 ex
1033 1835 1225 1889 diversa
1269 1834 1506 1889 foliorum
1554 1831 1921 1907 magnitudine
1951 1832 2229 1906 singulari,
2266 1834 2450 1893 horum
2482 1835 2645 1893 forma
2677 1848 2728 1893 et

576 1922 738 1980 nervis
754 1962 771 1991 ,
818 1921 1118 1997 pedunculis
1156 1921 1508 1995 oligostachyis
1549 1939 1581 1974 a
1624 1918 1823 1973 duabus
1869 1919 2281 1993 praecedentibus
2328 1920 2465 1979 haud
2523 1924 2724 1982 difficili

576 2011 774 2086 negotio
805 2009 1053 2084 distingui
1076 2018 1257 2084 potest.

659 2187 721 2248 5.
821 2190 1382 2260 Pothomorphe
1438 2188 1860 2245 umbellata
1911 2187 2057 2266 Miq.
2110 2189 2153 2249 1.
2211 2210 2261 2249 c.
2308 2209 2369 2268 p.
2420 2189 2519 2250 36.
2567 2191 2715 2265 ezel.

460 2292 473 2325 ἓ
576 2289 738 2370 quib.
769 2309 898 2369 syn.
979 2290 1167 2370 Piper
1191 2290 1367 2348 Linn.
1405 2288 1506 2369 Sp.
1543 2289 1836 2348 Hecken'a
1869 2289 2078 2349 Kunth
2116 2291 2184 2348 in
2217 2291 2490 2351 Limnaeo
2517 2292 2554 2350 1.
2573 2313 2622 2351 c.
2650 2313 2714 2374 p.

578 2390 700 2452 569
735 2392 880 2453 ποῖ.
909 2412 1040 2472 syn.
1077 2392 1244 2452 Ruiz
1279 2402 1336 2450 et
1367 2393 1520 2451 Pav.
1602 2390 1779 2451 Foliis
1813 2411 1937 2452 non
1967 2391 2206 2469 peltatis
2238 2393 2714 2455 membranaceis

579 2494 871 2575 utrinque
920 2494 1270 2575 praesertim
1305 2493 1372 2552 in
1406 2492 1610 2553 nervis
1642 2493 2264 2573 hirtello-puberulis,
2307 2496 2574 2557 cordato·
2615 2496 2710 2557 vel

578 2596 1266 2659 reniformi-rotundatis
1296 2597 1485 2656 acutis
1509 2597 1943 2672 multinerviis,
1964 2598 2204 2677 petiolis
2226 2600 2711 2660 membranaceo·

578 2699 751 2762 alatis
784 2699 1153 2779 ramaliaque
1187 2683 1534 2778 puberulis,
1588 2697 1952 2778 pedunculis
1979 2699 2139 2760 binis
2176 2701 2351 2761 valde
2383 2700 2716 2781 inaequali·

579 2803 720 2879 bus,
765 2801 1151 2862 4—5-rarius
1180 2800 1629 2881 Poly-stachyis‚
1670 2801 1927 2863 bracteis
1961 2801 2438 2882 triangularibus
2473 2805 2714 2865 incano-

572 2904 807 2966 ciliatis.

646 3034 804 3085 leon.
846 3029 1072 3084 Plumier
1115 3027 1331 3083 Americ.
1374 3026 1498 3084 Tah.
1545 3031 1636 3082 73.
1724 3027 1939 3102 Jacquin
1985 3031 2124 3084 Hort.
2170 3029 2442 3085 Schoenbr.
2471 3032 2616 3083 Tom.
2645 3031 2713 3082 Π.

568 3116 693 3172 Tab.
728 3120 853 3170 216.

646 3199 826 3257 Herb.
850 3199 1032 3255 Willd.
1062 3219 1116 3255 n.
1148 3205 1255 3255 '700
1289 3199 1380 3257 fol.
1410 3205 1471 3256 3!

661 3317 960 3379 Habitat
1011 3317 1132 3379 late
1177 3327 1248 3379 ut
1282 3318 1523 3380 videtur
1554 3338 1667 3399 per
1699 3318 1937 3380 Novum
1971 3317 2192 3380 Orbem
2227 3318 2523 3401 dispersa3
2568 3340 2628 3384 v,
2658 3340 2710 3382 c.

576 3423 739 3484 inter
765 3421 1032 3483 Cumana
1060 3430 1122 3482 et
1148 3421 1351 3483 Chava
1374 3422 1451 3483 de
1480 3424 1570 3484 los
1596 3422 1962 3502 Capachinos
1986 3419 2069 3503 (2)
2112 3421 2357 3505 (Humb.
2387 3432 2450 3485 et
2475 3424 2704 3504 Bonpl.!

579 3526 646 3585 in
705 3525 816 3584 Hb.
884 3523 1160 3606 Willd.),
1226 3524 1294 3585 in
1342 3525 1594 3587 Brasilia
1645 3525 2033 3588 meridionali
2092 3546 2281 3606 prope
2328 3526 2715 3589 Rio-Janeiro
2760 3605 2768 3612 υ

576 3627 974 3708 (Guillemin!
1035 3627 1101 3687 in
1155 3627 1266 3688 Hb.
1301 3628 1388 3688 De
1424 3630 1575 3689 Less.
1617 3637 1680 3688 et
1712 3649 1788 3690 ex
1823 3629 1905 3688 Fl.
1944 3627 2159 3707 flum.),
2202 3630 2268 3688 in
2298 3630 2544 3692 Brasilia
2576 3631 2707 3691 vul·

576 3730 734 3809 garis
783 3728 1048 3810 (Fauuay
1093 3738 1154 3791 et
1197 3729 1412 3791 Riedel
1464 3730 1703 3791 Manual
1750 3729 1831 3790 do
1860 3727 2211 3808 Agricultor
2243 3731 2601 3814 Brasileiro),
2641 3731 2707 3790 in

571 3831 708 3893 Ind.
743 3832 935 3893 occid.
962 3829 1228 3914 (Pium),
1260 3833 1524 3893 Jamaioa
1556 3831 1857 3912 (willel-s!
1894 3832 1959 3889 in
1997 3831 2108 3893 nh.
2144 3830 2230 3894 De
2261 3833 2567 3917 Lens.),st.
2595 3834 2707 3895 Do·

570 3937 779 4015 mingo
820 3936 1245 4018 (Jacquemont
1277 3934 1442 4015 apud
1475 3932 1735 4015 Kuuth.)

637 4064 827 4115 Frutex
876 4058 1180 4133 plerumque
1221 4057 1621 4131 quadripedalis‚
1654 4075 1715 4112 ex
1745 4070 1801 4113 11.
1828 4067 1880 4112 et
1909 4072 1960 4114 s.
1988 4056 2025 4114 l.
2057 4077 2103 4115 c.
2134 4059 2289 4114 etiam
2320 4058 2710 4134 vigintipedalie.

567 4147 743 4202 Rami
789 4146 1034 4211 flexuosi,
1082 4143 1336 4218 angulosi,
1391 4143 1607 4212 sulcati,
1652 4143 1855 4219 angulis
1885 4145 2291 4220 prominentibus
2332 4147 2711 4221 petiolisquc

565 4231 1089 4307 pubescenti-villosis.
1161 4229 1332 4284 Folia
1375 4229 1524 4304 longe
1564 4230 1807 4305 petiolata
1831 4271 1850 4299 ‚
1893 4234 2143 4306 superiora
2171 4230 2399 4298 brevius,
2432 4231 2569 4285 haud
2599 4233 2708 4304 pel-

572 4328 704 4389 tata,
740 4318 1075 4385 subrotunda,
1112 4317 1252 4390 apice
1279 4317 1417 4373 brevi
1448 4330 1623 4390 acuta,
1657 4319 1902 4394 profunde
1933 4318 2419 4378 muitum-cordata
2434 4355 2452 4388 ‚
2474 4322 2546 4372 18
2573 4327 2707 4378 cent.
