3153 5134
1460 373 1543 434 73

433 582 589 639 serta,
615 568 959 626 filamentis
988 567 1220 624 brevibus
1242 566 1510 635 teretibus,
1535 568 1814 623 authoris
1838 567 2211 625 bilocularibus.
2283 567 2576 627 Ovarium

432 672 664 727 ovatum,
702 659 843 733 apice
875 676 987 712 area
1022 656 1259 711 circulari
1294 655 1461 710 medio
1493 654 1593 710 fere
1628 656 1768 709 nuda
1803 654 2007 709 ambitu
2037 655 2425 730 albo-puberula
2454 659 2581 734 stig·-

434 748 622 804 matiea
650 748 964 801 instructum
1001 747 1120 815 (sec.
1146 762 1221 817 sp.
1254 743 1360 798 viv.
1386 746 1529 798 flort.
1562 742 1715 798 bei-ol.
1744 753 1797 798 et
1827 743 1941 798 sicc.
1971 743 2119 800 flerb.
2149 749 2277 819 reg.)

519 925 578 986 7.
637 933 1095 994 repen-omna
1128 928 1543 979 meritona.
1581 922 1769 1001 Piper
1787 921 2209 981 Schleehtendd
2222 925 2290 982 in
2307 906 2581 984 Limnaeo

452 1027 609 1088 Tem.
650 1027 722 1087 V.
746 1046 812 1106 p.
842 1024 941 1085 75.
1025 1023 1415 1098 Succulenta‚
1457 1020 1667 1101 glabra
1706 1030 1905 1083 erecta
1924 1068 1939 1094 ,
1982 1022 2144 1083 foliis
2176 1023 2355 1102 longe
2391 1027 2578 1103 petio·

442 1128 578 1189 latis
627 1126 1014 1189 subrotundis
1058 1125 1444 1205 aequilateris
1490 1124 1748 1186 cordatis
1763 1172 1781 1201 ,
1835 1125 2008 1205 apice
2047 1125 2275 1186 obtusis
2313 1126 2410 1187 vel
2445 1147 2586 1189 acu·

443 1229 745 1305 tiusculis,
784 1227 1517 1308 multiplinervi-costatis‚
1557 1227 1811 1305 glabris,
1852 1229 2106 1288 amentis
2139 1227 2491 1290 axillaribus
2523 1238 2585 1292 et

444 1333 858 1394 terminalibus
910 1329 1304 1409 longiusculis
1317 1375 1337 1406 ,
1395 1331 1614 1390 ovariis
1646 1331 1836 1391 ovatis
1872 1331 2127 1409 obtusis,
2168 1331 2338 1410 apice
2373 1333 2588 1413 stigma

442 1434 824 1514 longiuscule
861 1432 1284 1512 penicillatum
1325 1434 1691 1508 gerentibus.

523 1535 823 1596 Habitat
873 1536 953 1595 ad
1002 1556 1183 1615 rupes
1218 1534 1501 1595 humidas
1532 1535 1746 1595 Mexici
1778 1534 2093 1614 (Schiedel
2142 1536 2207 1595 in
2242 1535 2419 1597 Herb.
2458 1557 2584 1617 reg.

442 1636 659 1718 berol.)
675 1682 695 1713 ‚
744 1637 975 1698 ibidem
1024 1638 1091 1697 in
1123 1638 1303 1717 sylvis
1335 1637 1410 1697 ad
1445 1636 1750 1697 Oceanum
1802 1637 2122 1715 pacificum
2142 1682 2160 1714 ,
2215 1659 2294 1698 m.
2327 1639 2484 1718 Sept.
2518 1639 2579 1699 ss.

442 1738 762 1823 (Galeottil
805 1759 865 1799 n.
907 1737 1086 1801 6022.
1131 1740 1198 1799 in
1237 1739 1346 1799 Hb.
1389 1739 1473 1800 De
1514 1736 1700 1817 Less.)

513 1917 817 1976 Sueculenta
833 1958 850 1987 ‚
899 1919 1110 1975 radice
1157 1919 1390 1975 tuberosa
1434 1918 1803 1994 placentisormi
1819 1957 1835 1986 ‚
1898 1921 2041 1974 nucis
2091 1920 2348 1977 avellanae
2394 1941 2592 1997 magn„

445 2008 620 2065 caule
650 2007 965 2081 subsimplici
993 2006 1324 2083 oligophyllo‚
1360 2019 1552 2077 erecto,
1591 2007 1946 2081 subpollicari‚
1980 2008 2189 2082 glabro,
2214 2012 2383 2066 tereti.
2428 2012 2595 2069 Folia

443 2095 761 2159 succulenta,
796 2095 855 2149 in
879 2095 1007 2150 sicco
1033 2096 1375 2165 subcoriaoea,
1406 2096 1952 2170 pellucido-punctam,
1986 2099 2225 2173 utrinque
2246 2098 2445 2172 glabra,
2480 2102 2597 2156 sub-

443 2195 529 2240 tus
556 2182 904 2258 pallescentia‚
939 2183 1269 2258 aequilatera,
1305 2183 1414 2237 basi
1441 2183 1546 2237 lata
1574 2183 1677 2237 late
1706 2183 1934 2251 cordata,
1973 2195 2229 2239 caeterum
2260 2185 2596 2241 subrotundo—

442 2284 613 2340 ovata,
656 2271 836 2328 obtusa
868 2270 947 2325 vel
982 2270 1326 2338 acutiuscula,
1369 2274 1510 2325 4-9
1553 2279 1692 2328 cent.
1739 2269 1909 2344 longa,
1959 2276 2101 2326 5-9
2145 2272 2224 2327 vel
2264 2283 2317 2327 et
2360 2278 2433 2328 10
2464 2272 2597 2342 lata,

445 2378 595 2416 nervo
625 2360 790 2414 medio
817 2359 884 2413 ad
916 2357 1059 2414 basin
1083 2368 1134 2412 et
1158 2358 1332 2433 paullo
1363 2377 1513 2430 supra
1544 2376 1656 2412 eam
1695 2359 1935 2434 utrinque
1966 2363 2108 2414 5-6
2142 2369 2302 2415 costas
2333 2362 2600 2416 emittente

444 2445 846 2520 multiph‘nervia
881 2444 960 2499 vel
995 2446 1372 2513 multicostata‚
1417 2445 1585 2499 nervis
1618 2444 1677 2498 ad
1721 2447 1973 2520 margines
2014 2446 2337 2503 tendentibus
2369 2448 2598 2504 subhori-

445 2534 724 2592 zontalibus
760 2533 1057 2589 dichotomis
1095 2543 1147 2588 et
1183 2532 1471 2601 ramulosi8‚
1515 2532 1599 2588 sed
1646 2533 1858 2589 ramulis
1903 2534 2041 2591 nudo
2086 2534 2232 2591 oculo
2277 2555 2376 2590 non
2420 2535 2602 2592 discer-

412 2621 645 2677 ‘nendis.
717 2620 941 2676 Petioli
987 2621 1260 2675 subteretes
1290 2618 1456 2692 glabri
1487 2624 1627 2674 4-5
1667 2629 1799 2674 cent.
1846 2619 2001 2693 longi.
2086 2624 2343 2675 Amenta
2378 2623 2602 2679 axillaria

452 2719 508 2764 et
544 2708 864 2777 terminalia,
908 2717 1097 2775 erecta,
1138 2706 1508 2781 pedunculis
1545 2706 1738 2780 glabris
1774 2712 1949 2773 1ἰ-2
1984 2717 2114 2764 cent.
2145 2709 2310 2784 longis
2345 2722 2601 2783 sustenta,

449 2796 1031 2871 cylindrieo-filiformia,
1075 2799 1252 2850 6—11
1294 2803 1425 2849 cent.
1461 2794 1643 2867 longa,
1678 2795 1761 2849 vix
1790 2799 1824 2849 2
1857 2813 1987 2851 mm.
2026 2816 2217 2865 crassa,
2251 2817 2477 2868 carnosa,
2512 2820 2598 2874 pa—

446 2902 659 2957 rumper
699 2895 935 2951 curvata,
972 2882 1165 2957 glabra.
1236 2882 1442 2937 Flores
1485 2880 1738 2955 spiraliter
1776 2881 2002 2955 dispositi
2033 2884 2347 2955 remotiores,
2384 2887 2440 2940 in
2472 2886 2603 2941 sicco

451 2971 605 3026 sulcis
627 2971 828 3027 racheos
853 2971 1193 3027 subimmersi.
1263 2975 1376 3024 Bra
1387 2979 1518 3024 etea
1543 2969 1734 3042 peltata
1755 2970 1972 3023 breviter
1995 2971 2292 3044 pedicellata
2312 2974 2601 3046 persistens,

449 3057 589 3132 pelta
610 3058 973 3113 subrotundata
1004 3057 1183 3131 glabra
1212 3056 1370 3120 laevi,
1393 3057 1521 3111 sicca
1545 3056 2232 3129 pellucido-membranacea,
2264 3070 2433 3115 centro
2457 3061 2599 3133 glan·

449 3146 804 3201 dulowfusoe.
875 3144 1151 3200 Stamina
1174 3148 1237 3210 2,
1277 3142 1628 3199 filamentis
1649 3143 1886 3198 brevibus
1919 3144 2283 3218 complanatis?
2321 3147 2602 3205 antheris

450 3232 757 3306 subglobosis
779 3230 1166 3297 biloculaiihus·‚
1201 3230 1370 3285 fuscis.
1417 3231 1704 3286 Ovarium
1736 3241 1967 3299 ovatum,
1999 3233 2223 3306 stigma
2252 3233 2308 3286 in
2331 3233 2441 3307 ejus
2464 3236 2601 3309 apice

449 3318 762 3394 longiuscule
788 3316 1155 3391 penicillatum.
1217 3320 1440 3371 Baecae
1460 3328 1635 3373 ovatae
1657 3317 1812 3372 susco-
1824 3319 2023 3392 nigrae,
2046 3320 2129 3374 vix
2154 3321 2428 3385 nitidulae..
2458 3322 2600 3395 glan·

449 3407 681 3473 dulosae‚
713 3410 745 3460 1
782 3423 913 3461 mm.
935 3404 1150 3458 minores
1181 3407 1300 3475 (sec.
1329 3424 1404 3478 sp.
1432 3404 1560 3460 cult.
1592 3409 1737 3460 Hort.
1762 3405 1943 3476 berol.)
2014 3409 2155 3479 Spec.
2186 3425 2217 3461 a
2241 3406 2314 3462 cl.
2346 3422 2602 3463 eunom

449 3494 581 3550 lecta
628 3513 660 3549 a
700 3492 856 3548 cultis
900 3510 1174 3566 parumper
1216 3492 1398 3548 saltem
1441 3492 1705 3549 differunt.
1780 3493 1985 3548 Caulis
2031 3493 2359 3549 succulentus
2396 3500 2432 3550 5
2468 3507 2605 3553 cent.

448 3579 652 3656 longus,
700 3579 1074 3646 suhflexuosus‚
1114 3579 1406 3634 internodiis
1447 3584 1519 3645 1}
1558 3589 1691 3635 cent.
1766 3581 1932 3635 Folia
1979 3582 2234 3655 petiolis
2280 3587 2420 3638 2-—5
2468 3595 2601 3643 cent.

448 3667 608 3741 longis
628 3676 871 3734 sustenta,
894 3664 1338 3721 ovato-rotundata
1351 3706 1369 3734 ‚
1388 3666 1568 3721 obtusa
1591 3667 1670 3722 vel
1692 3668 2030 3737 acutiuscula,
2054 3669 2160 3725 basi
2176 3671 2402 3739 cordata,
2422 3676 2601 3739 θ-θξ-

448 3765 584 3810 cent.
603 3755 754 3829 longa
780 3763 834 3808 et
863 3754 994 3821 lata,
1030 3754 1087 3807 in
1117 3754 1242 3808 sicco
1266 3754 1676 3823 membranacea,
1716 3761 1927 3812 11-13
1952 3759 2146 3826 nervia,
2184 3761 2346 3814 nervis
2368 3760 2605 3817 omnibus

446 3842 670 3916 proxime
706 3841 770 3895 ad
806 3840 951 3896 basin
980 3840 1130 3907 onia,
1165 3846 1201 3896 3
1234 3841 1414 3896 mediis
1440 3842 1506 3896 ad
1535 3843 1729 3916 apicem
1764 3842 1958 3913 ductis,
1993 3846 2202 3921 reliquis
2230 3846 2294 3901 ad
2326 3847 2604 3921 margines,

445 3929 687 3985 omnibus
711 3929 790 3985 bis
811 3927 1125 3982 dichotomis.
1176 3932 1457 3983 Amentum
1479 3935 1513 3984 5
1540 3940 1672 3986 cent.
1697 3929 1926 4005 longum.
1949 3939 2101 3989 —ln
2125 3955 2205 4010 sp.
2231 3934 2601 3993 Sebiedeano

446 4016 562 4072 folia
594 4022 734 4073 3-5
769 4026 902 4071 cent.
935 4015 1109 4088 longa,
1143 4018 1320 4081 23-——5
1357 4015 1482 4071 lata.
1554 4024 1834 4072 Amentum
1863 4022 1897 4073 9
1931 4029 2064 4075 cent.
2096 4021 2325 4094 longum.

521 4109 856 4159 Monstrum
896 4102 1024 4157 mihi
1067 4101 1293 4175 suppetit
1336 4103 1391 4156 in
1431 4106 1492 4158 Η.
1538 4104 1731 4160 Berol.
1772 4105 1976 4160 cultum
2020 4118 2223 4162 amento
2255 4108 2357 4162 late
2389 4108 2593 4165 fasciato

447 4210 654 4248 sursum
682 4189 853 4246 bilobo
878 4201 931 4245 et
961 4188 1102 4264 apice
1130 4188 1186 4243 in
1217 4188 1480 4243 amentula
1515 4190 1774 4264 digitatim
1807 4192 2009 4265 partito.

529 4353 586 4413 8.
644 4362 1102 4429 Peperomla
1138 4358 1683 4415 aurunci-tana.
1738 4353 1946 4416 Ereeta
1971 4356 2176 4432 glabra
2205 4357 2585 4436 succulenta,
