3153 5134
1634 319 1762 382 444

709 508 922 577 Forma
933 517 1127 601 soliis
1143 536 1321 597 supra
1333 517 1533 596 potius
1545 516 1837 598 glabram
1854 516 2237 579 laeviusculis
2250 565 2269 596 ,
2304 519 2438 580 basi
2451 522 2651 582 minus
2667 523 2751 584 la·

622 622 721 698 tis,
740 621 805 679 in
824 622 1000 681 Prov.
1024 619 1206 681 Ceam
1223 618 1524 680 Brasiliae
1547 619 1684 681 lect.
1701 618 1969 701 (Gardn.3
1992 620 2059 679 in
2073 621 2182 681 nh.
2197 621 2283 682 De
2302 623 2457 684 Less.
2473 622 2748 705 n.1848.)

692 789 792 851 77.
873 791 1249 849 Arianthe
1293 793 1755 863 jamnensis,
1839 786 2111 849 Ramulis
2161 791 2519 872 petiolisque
2560 792 2743 871 hispi-

612 891 987 969 dulo-hirtis,
1027 891 1189 952 soliis
1228 893 1921 972 rigido-membranaceis
1958 893 2383 956 obsoletissime
2407 895 2740 976 pellucido-

607 995 1009 1075 punctulatis,
1059 1015 1238 1074 supra
1272 996 1471 1075 opacis
1505 996 1776 1055 verrucis
1809 1004 1869 1056 et
1905 997 2045 1076 pilis
2076 998 2286 1076 rigidis
2317 1000 2536 1058 sensim
2568 998 2740 1058 deci-

607 1097 744 1157 duis
790 1098 1043 1177 asperis,
1100 1099 1309 1158 subtus
1359 1098 1781 1178 pallidioribus
1839 1102 2180 1179 epunctatis
2243 1101 2308 1159 in
2360 1122 2548 1161 nervo
2605 1120 2739 1160 cos-

607 1202 682 1261 tis
737 1202 1092 1281 venalisque
1148 1203 1287 1281 pilis
1337 1203 1622 1263 mollibus
1672 1202 1855 1264 dense
1906 1204 2403 1282 pubescentibus,
2459 1203 2733 1282 oblongis

601 1304 697 1363 vel
732 1304 1291 1383 oboram-oblongis
1308 1351 1326 1381 ,
1385 1327 1588 1366 versus
1623 1306 1794 1366 basin
1829 1315 2199 1368 attenuatam
2255 1307 2730 1387 inaequilateris,

596 1405 724 1465 basi
757 1407 880 1485 ipsa
903 1407 1222 1487 *inaequali
1253 1408 1708 1485 obtusiusculis,
1750 1410 1921 1488 apice
1952 1409 2316 1490 subohlique
2349 1409 2721 1485 acuminatis,

597 1509 775 1571 costis
822 1511 1119 1591 utrinque
1161 1510 1202 1570 6
1237 1511 1533 1571 rarissime
1571 1512 1647 1588 7,
1693 1513 1946 1571 amentis
1978 1511 2323 1593 cylindricis
2356 1512 2730 1572 rectiusculis

595 1615 966 1675 mucronatis
1010 1615 1156 1675 folio
1198 1615 1612 1691 brevioribus,
1667 1615 2014 1695 pedunculo
2047 1615 2345 1694 petiolum
2372 1623 2726 1694 superante,

592 1717 849 1778 bracteis
883 1719 1121 1798 peltatis
1154 1719 1315 1798 pelta
1349 1718 1789 1779 suborbiculari
1821 1718 1948 1779 fere
1984 1727 2105 1779 tota
2141 1719 2543 1779 hirto-ciliata.
2606 1757 2612 1761 -

678 1821 967 1881 Habitat
1014 1822 1082 1881 in
1132 1843 1212 1881 m.
1267 1820 1617 1882 Cordilleris
1662 1821 1739 1882 ad
1792 1820 1949 1882 4000
1993 1843 2054 1901 p.
2107 1822 2235 1897 alt„
2294 1841 2484 1901 prope
2517 1821 2725 1901 Jalapa

594 1924 789 2003 Regni
821 1925 1122 1985 mexicani
1155 1923 1463 2005 (Galeottil
1507 1947 1570 1987 n.
1600 1923 1761 1986 6009
1789 1926 1853 1985 in
1884 1925 2057 1986 flerb.
2090 1926 2173 1987 Dc
2204 1924 2381 2007 Lesa)

663 2053 852 2105 Frutex
878 2057 940 2106 A.
965 2050 1360 2122 asperifoliae
1388 2051 1541 2104 nimis
1563 2050 1759 2104 sortasse
1786 2051 2095 2125 propinquus
2122 2049 2201 2105 sed
2231 2060 2484 2125 quantum
2503 2068 2562 2104 ex
2578 2050 2727 2104 unico

531 2160 537 2167 ·
587 2136 786 2191 ramulo
831 2136 1248 2210 dijudicandum,
1289 2136 1526 2191 foliorum
1555 2136 1720 2192 forma
1748 2138 1960 2211 oblonga
1991 2139 2072 2192 vel
2096 2138 2538 2211 obovato-oblonga
2553 2179 2570 2207 ‚
2611 2157 2723 2192 ver-

585 2243 672 2279 sus
719 2223 860 2278 basin
904 2234 1167 2279 attenuata
1183 2264 1200 2294 ‚
1251 2226 1369 2299 pilis
1397 2226 1580 2280 subtus
1611 2227 1924 2283 densioribus
1951 2238 2003 2282 et
2032 2226 2341 2282 mollioribus
2363 2264 2380 2293 ‚
2410 2237 2721 2299 punctorum

584 2312 844 2386 nigrorum
894 2313 1120 2382 defectu,
1167 2314 1383 2368 amentis
1427 2314 1630 2388 longius
1675 2315 2024 2371 neduuculatis
2071 2336 2161 2390 pro
2204 2315 2395 2370 diverso
2440 2315 2714 2370 habendus.

583 2401 885 2457 Ramulus
913 2402 970 2457 in
1000 2402 1129 2457 sicco
1155 2402 1544 2477 subtetragonus
1573 2404 1822 2476 patentim
1851 2414 1905 2458 et
1928 2403 2145 2477 implexe
2170 2403 2360 2472 hirtus,
2393 2402 2575 2457 sensim
2606 2403 2718 2477 gla-

582 2489 763 2544 bratus
788 2500 841 2544 et
862 2490 1102 2565 asperior,
1126 2491 1421 2545 internodiis
1447 2496 1627 2558 3—4}
1660 2502 1791 2546 cent·
1827 2491 2003 2565 longis.
2066 2490 2239 2546 Folia
2260 2490 2507 2564 patentia,
2535 2491 2720 2565 rigido·

583 2578 966 2635 membranacea
997 2600 1099 2635 non
1133 2580 1233 2634 nisi
1263 2578 1327 2633 ad
1360 2580 1554 2635 lentem
1584 2581 1891 2655 sparsissime
1921 2580 2500 2655 pellucido-punctulata
2515 2620 2532 2648 ‚
2567 2600 2718 2653 supra

581 2678 804 2723 naturate
849 2668 1029 2724 viridia
1090 2688 1239 2742 opaca
1255 2708 1272 2736 ‚
1326 2668 1545 2722 verrucis
1600 2669 1728 2723 albis
1782 2669 1957 2743 rigidis
1997 2669 2211 2744 pilisque
2260 2670 2476 2724 verrucis
2515 2669 2716 2725 insertis

584 2776 788 2811 sursum
819 2756 1024 2812 directis
1051 2757 1234 2812 sensim
1264 2755 1485 2811 deciduis
1511 2756 1796 2831 asperrimis
1826 2757 2095 2811 admodum
2130 2774 2300 2829 aspera
2318 2796 2334 2824 ,
2368 2756 2548 2811 subtus
2572 2757 2714 2831 glau-

580 2844 1005 2918 cescenti·pallida
1021 2883 1038 2912 ‚
1087 2845 1288 2918 punctis
1332 2845 1491 2919 nigris
1541 2844 1680 2898 haud
1728 2854 1903 2899 notata
1917 2883 1934 2911 ‚
1970 2846 2022 2899 in
2069 2864 2220 2900 nervo
2247 2845 2405 2900 costis
2427 2846 2719 2920 venalisque

580 2932 701 3005 pilis
746 2931 987 2986 mollibus
1033 2934 1272 3006 appressis
1299 2931 1448 2986 dense
1479 2932 1723 3006 pnbcrula
1743 2973 1761 3001 ‚
1795 2934 2049 2987 nascentia
2083 2933 2184 2988 sere
2214 2936 2389 2989 sericea
2407 2974 2423 3001 ‚
2460 2933 2715 3008 petiolis

583 3019 734 3075 hirtis
764 3029 817 3073 et
847 3020 1012 3074 antiee
1045 3020 1399 3075 canaliculatis
1433 3025 1613 3087 1—13
1640 3031 1772 3076 cent.
1813 3021 1972 3095 longis
2009 3032 2259 3086 sustenta,
2282 3022 2483 3096 oblique
2503 3023 2717 3096 oblonga

576 3118 633 3163 et
678 3106 1115 3181 obovato-oblonga
1132 3148 1148 3172 .‚
1198 3108 1560 3182 inaequilatera
1576 3148 1594 3177 .‚
1648 3109 1885 3183 pleraque
1918 3128 2084 3163 versus
2116 3109 2256 3164 basin
2289 3120 2571 3176 contracta,
2609 3110 2716 3164 basi

578 3195 685 3269 ipsa
730 3196 981 3271 inaequali
1020 3195 1228 3265 obtusa,
1265 3216 1376 3251 raro
1407 3197 1463 3250 in
1496 3198 1711 3252 summis
1742 3198 2091 3263 acutiuscula,
2130 3198 2266 3271 apice
2296 3198 2493 3270 longius
2517 3198 2710 3252 acumi-

576 3296 733 3354 nata,
771 3286 1006 3340 acumine
1048 3297 1195 3341 acuto
1214 3323 1232 3352 ‚
1264 3286 1580 3359 marginibus
1609 3286 1931 3360 subrepandis
1959 3286 2298 3361 planimetria,
2334 3291 2548 3342 13-19
2577 3295 2712 3342 cent.

569 3375 748 3449 longa,
784 3379 931 3430 4—'7
974 3375 1117 3443 lata3
1152 3393 1179 3429 e
1211 3395 1360 3430 nervo
1387 3376 1551 3429 medio
1581 3386 1903 3449 percurrente
1936 3375 2175 3449 utrinqne
2206 3394 2365 3449 usque
2397 3375 2460 3428 ad
2496 3382 2529 3444 {—
2562 3374 2706 3429 circi·

573 3472 653 3516 ter
696 3464 787 3517 alt.
828 3469 861 3519 6
879 3503 896 3531 ,
951 3464 1202 3519 rarissime
1249 3470 1284 3519 '7
1317 3475 1516 3530 costae,
1549 3465 1763 3538 exceptis
1791 3464 1984 3518 infimis
2017 3463 2366 3530 tenuioribus,
2406 3462 2508 3517 alte
2541 3481 2709 3517 versus

578 3562 633 3606 et
670 3553 825 3625 juxta
872 3553 1117 3626 margines
1163 3553 1509 3607 adscendentes
1556 3553 1821 3622 oriuntur,
1875 3571 2097 3625 quarum
2143 3570 2344 3605 summa
2391 3550 2445 3604 in
2494 3569 2709 3604 acumen

535 3630 546 3640 ⁵
575 3659 668 3696 nec
725 3650 898 3695 tamen
941 3642 1005 3695 ad
1054 3642 1307 3697 ultimum
1354 3641 1551 3714 apicem
1603 3640 1827 3695 ducitur.
1901 3646 2243 3693 Anastomoses
2288 3636 2712 3693 snbhorizontales

578 3726 843 3802 parallelae
858 3731 1208 3803 prominentes,
1244 3730 1490 3803 Stipula
1511 3727 1936 3801 oppositifolia
1966 3725 2242 3780 lanceolata
2264 3723 2567 3779 navicularis
2591 3744 2707 3796 cur-

582 3815 702 3871 vula
729 3816 976 3891 puberula
1007 3823 1076 3884 1}
1106 3829 1237 3873 cent.
1267 3818 1428 3891 longa.
1494 3820 1601 3869 Am
1614 3828 1825 3871 entum
1858 3815 2221 3870 submaturum
2254 3813 2703 3887 erecto-patulum,

576 3905 926 3980 pedunculo
954 3903 1158 3958 hirtello
1182 3903 1285 3957 fere
1312 3908 1346 3957 2
1383 3913 1517 3959 cent.
1547 3903 1697 3976 longo
1727 3913 2042 3970 sustentnm‚
2080 3902 2257 3956 leviter
2286 3913 2554 3956 curvatum
2572 3942 2589 3969 ‚
2624 3921 2714 3976 cy·

571 3993 847 4052 lindricurn
877 3992 1016 4066 apice
1044 3991 1261 4046 breviter
1292 4002 1679 4059 mucronaturn‚
1715 3997 1749 4046 8
1782 4002 1911 4046 cent.
1949 3991 2156 4064 longum
2176 4028 2193 4056 ‚
2230 3996 2262 4044 3
2295 4010 2423 4045 mm.
2452 4008 2709 4063 propemo-

573 4082 786 4136 modum
820 4099 1073 4149 crassum,
1111 4078 1349 4152 adspectu
1383 4080 1623 4152 griseum.
1696 4082 1902 4135 Flores
1948 4079 2201 4135 annulati.
2284 4084 2539 4147 Bractea
2575 4080 2711 4153 pedi-

541 4167 756 4223 .cellata
798 4167 988 4240 peltata
1028 4165 1164 4239 pelta
1205 4165 1548 4233 subnotanda,
1603 4187 1715 4221 area
1760 4169 2020 4240 perexigua
2050 4166 2263 4221 centrali
2294 4167 2429 4220 nuda
2460 4177 2707 4221 caeterum

574 4255 902 4311 hirto-ciliata
944 4254 1063 4328 pilis
1106 4254 1299 4311 sordide
1343 4255 1501 4310 flavis·
1578 4255 1869 4311 Antherae
1910 4255 2113 4312 effectae
2136 4255 2548 4311 castaneo-fuscae
2578 4256 2712 4311 reni-

580 4343 775 4399 sormae.
810 4346 929 4414 (sec.
962 4364 1031 4418 sp.
1064 4345 1179 4414 cit.)
