3153 5134
1677 406 1715 464 2

635 632 862 680 colunt
916 611 1078 699 (περὶ
1138 608 1255 697 «ὕλῃ
1306 612 1579 695 ἰατρικῇ,
1627 612 1677 677 Ι.
1723 611 1874 699 Cap.
1920 612 2389 704 CLXXXVIII).
2487 640 2521 680 »
2540 617 2758 708 Piper,

637 729 903 820 (πέπερὶ)
927 728 1052 817 ¹),’'
1101 725 1352 816 inquit,
1406 705 1649 798 »arbor
1678 752 1806 797 esse
1839 731 2120 799 traditur
2149 733 2214 799 in
2242 735 2429 803 India
2465 759 2759 820 nascenS,

630 860 872 916 statura
905 846 1139 926 breviS‚
1176 869 1343 936 quae
1377 847 1669 915 fructum
1699 851 1941 938 promit
1975 851 2159 920 initio
2193 854 2583 946 oblongum,
2630 856 2759 924 sili-

630 989 904 1057 quarum
936 965 1166 1048 instar,
1197 968 1378 1055 quod
1409 950 1680 1058 longum
1714 983 1812 1037 est
1836 969 2040 1059 piper.
2133 973 2345 1042 Habet
2368 973 2545 1042 intus
2582 976 2761 1045 milio

633 1085 814 1153 tenui
862 1085 1099 1165 simile,
1162 1086 1344 1175 quod
1399 1086 1664 1153 tandem
1714 1087 1781 1154 in
1817 1089 2176 1178 perfectum
2210 1092 2395 1182 piper
2428 1094 2584 1164 abit.
2676 1098 2758 1164 Et

630 1206 881 1274 fructus
904 1205 1171 1295 quidem
1190 1204 1315 1272 suis
1341 1205 1737 1295 temporibus
1761 1206 2092 1274 dehiscens
2117 1232 2191 1275 ac
2210 1226 2409 1279 semet
2436 1215 2751 1301 pandens,

631 1347 914 1392 racemos
950 1323 1192 1392 emittit
1211 1375 1228 1405 ,
1275 1347 1474 1415 grana
1506 1324 1816 1406 ferenteS,
1864 1327 2080 1416 quales
2109 1329 2419 1399 novimus.
2510 1333 2752 1401 Acerba

628 1456 846 1510 autem
900 1466 1135 1535 grana,
1199 1466 1368 1534 quae
1412 1444 1630 1511 album
1685 1445 1869 1535 Piper
1919 1446 2367 1531 constituunt,
2415 1464 2565 1541 apta
2598 1466 2751 1519 sunt

625 1561 920 1630 remediis
953 1561 1270 1642 oculariiS‚
1302 1562 1610 1631 antidotis
1641 1576 1708 1630 et
1745 1563 2036 1661 theriacis
2068 1565 2497 1637 facultatibus.
2589 1573 2753 1637 Lon-

620 1704 780 1773 gum
830 1681 1016 1771 piper
1062 1680 1161 1770 (τό
1200 1679 1460 1768 μακρὸν)
1509 1694 1607 1748 est
1639 1682 1886 1750 intensa
1922 1685 2350 1761 mordacitate
2381 1689 2745 1779 praeditum

620 1816 689 1869 et
734 1801 1144 1868 subamarum
1169 1849 1186 1879 ,
1233 1799 1543 1889 quoniam
1578 1801 2031 1883 immaturum,
2079 1806 2390 1874 antidotis
2420 1807 2649 1876 itidem
2683 1821 2751 1874 et

620 1917 914 1986 thei-iacis
946 1900 1481 1986 medicaminibus
1511 1921 2094 1991 accommodatum.
2187 1925 2272 1990 At
2307 1925 2564 2016 nigrum
2598 1929 2748 1997 albo
2831 2000 2840 2009 ,

617 2038 861 2106 suavius
891 2051 1018 2118 est,
1065 2036 1269 2104 acrius
1301 2037 1487 2121 licet,
1534 2039 1694 2107 rel.’'

703 2158 945 2248 stirpes
975 2179 1142 2247 quae
1176 2157 1288 2224 has
1322 2158 1544 2226 baccas
1576 2159 1956 2249 proferunt,
1992 2161 2270 2251 aliasque
2299 2163 2549 2253 plures,
2584 2190 2744 2257 qua·
2793 2150 2796 2153 Α

611 2300 759 2347 rum
820 2276 1027 2345 varius
1090 2279 1265 2367 apud
1336 2278 1676 2346 Orientalis
1726 2277 1903 2345 Asiae
1947 2281 2218 2369 populos
2266 2307 2413 2349 usus
2465 2298 2597 2366 est,
2649 2287 2745 2354 uti

609 2400 911 2468 Beteles
956 2397 1257 2466 foliorum
1291 2389 1690 2489 aliarumque
1711 2449 1728 2479 ,
1775 2397 2059 2488 primum
2093 2421 2128 2465 a
2162 2424 2438 2469 nummo
2471 2419 2539 2473 et
2571 2430 2744 2472 aun-

608 2545 759 2589 Pmo
793 2521 1146 2611 descriptae
1183 2534 1250 2589 et
1294 2519 1360 2587 in
1397 2519 1848 2588 Botanicorum
1884 2520 2204 2611 catalogos
2243 2536 2535 2613 receptae
2561 2522 2739 2593 sunt.

607 2644 695 2708 Ex
729 2642 960 2710 horum
990 2655 1057 2708 et
1092 2665 1388 2707 nummu
1407 2691 1424 2721 ,
1471 2638 1585 2730 qui
1621 2640 1857 2730 largam
1891 2663 1966 2708 ex
1999 2640 2252 2731 ingenti
2270 2664 2539 2713 numero
2558 2644 2738 2734 Pipe-

610 2785 938 2831 racearum
975 2785 1130 2851 quas
1162 2764 1369 2831 Novus
1397 2762 1584 2829 Orbis
1614 2760 1856 2852 gignit,
1904 2785 2168 2831 messem
2203 2764 2739 2855 descriptionibus

606 2898 672 2950 et
704 2875 998 2950 iconibus
1031 2880 1396 2953 illustravit,
1414 2881 1660 2971 scriptis
1689 2906 1983 2948 manuus
2012 2883 2379 2950 doctrinam
2408 2885 2490 2952 de
2507 2885 2744 2975 Piperis
2850 2893 2854 2900 '

600 3026 836 3095 genere
865 3002 1216 3070 hauriebat.
1311 3002 1483 3085 Quid
1515 3016 1732 3069 autem
1770 3001 2008 3069 mirum
2031 3051 2048 3081 ,
2093 3016 2348 3090 patrem
2380 3004 2740 3087 botan‘ices‚

602 3121 964 3218 gravissimo
1019 3121 1219 3190 totius
1264 3134 1535 3187 naturae
1582 3118 1984 3188 ordinandae
2019 3121 2279 3210 negotio
2314 3136 2697 3210 occupatum
2719 3174 2738 3204 ,

605 3242 729 3310 hoc
793 3264 995 3333 genus
1053 3240 1285 3309 leviore
1340 3240 1563 3308 saltem
1625 3239 1795 3329 pede
1849 3238 2158 3328 tetigisse,
2224 3254 2291 3306 et
2338 3262 2414 3307 ex
2464 3240 2734 3311 aliorum

601 3362 852 3453 scriptis
916 3376 1175 3430 tantum
1245 3359 1685 3440 haurientem,
1760 3359 1831 3426 in
1903 3357 2140 3449 Piperis
2215 3382 2487 3450 genere,
2553 3363 2734 3452 quod

605 3483 817 3552 multo
867 3483 1177 3571 majorem
1211 3480 1563 3571 specierum
1619 3479 1737 3547 sibi
1773 3501 1956 3569 saepe
1986 3478 2451 3549 simillimarum
2483 3483 2736 3573 copiam

607 3603 720 3671 alit
771 3624 967 3692 quam
1021 3601 1152 3690 ipse
1223 3615 1379 3667 tunc
1444 3600 1910 3690 suspicaretur,
1973 3601 2291 3680 eruendo,
2348 3601 2495 3689 plus
2542 3604 2735 3671 semel

604 3737 671 3791 et
699 3722 1048 3812 aliquando
1074 3719 1327 3810 gravius
1352 3743 1613 3801 errasse,
1642 3721 1799 3787 dum
1828 3719 2052 3787 affines
2075 3719 2251 3788 haud
2277 3719 2732 3813 distingueret,

605 3844 735 3911 imo
790 3840 1070 3911 asiaticas
1116 3853 1181 3907 et
1215 3839 1606 3907 americanas
1638 3839 1948 3907 identicas
1979 3854 2262 3929 putaret.
2350 3844 2442 3911 Eo
2483 3842 2730 3910 factum

599 3976 730 4043 est,
780 3975 854 4029 ut
902 3960 968 4027 in
1021 3958 1406 4026 extricandis
1454 3959 1787 4049 speciebus
1831 3959 2208 4029 Linnaeanis
2242 3962 2328 4030 ad
2374 3961 2586 4030 fontes
2616 3962 2734 4029 ad-

652 4252 694 4320 1)
732 4254 904 4303 Nomen
962 4251 1137 4317 Piperis
1185 4267 1210 4299 e
1265 4250 1427 4319 lingua
1471 4254 1736 4302 sanseritica
1783 4263 1936 4303 ortum
1989 4252 2171 4302 videtur
2191 4287 2206 4314 ,
2256 4266 2350 4318 qna
2387 4251 2629 4318 rippali
2664 4252 2738 4303 vel

588 4345 657 4392 Pe
666 4344 795 4410 peli
830 4353 1018 4394 vocatur
1051 4342 1137 4412 (cf.
1173 4355 1332 4393 Ami
1365 4357 1532 4395 sinan
1559 4346 1701 4397 Dic-t.
1735 4372 1807 4385 —
1839 4345 2077 4412 &rampon-
2114 4343 2264 4394 1808.
2302 4358 2351 4412 p.
2389 4342 2498 4408 99.)
2574 4363 2591 4378 ·
