3153 5134
1381 392 1506 454 173

376 605 527 664 supra
570 586 750 660 plana,
799 587 1125 642 subtilissime
1171 589 1494 659 punctulata.
1580 591 1802 644 Petioli
1853 592 2192 661 teretiuseuli‚
2239 593 2358 667 pilis
2386 597 2515 650 mol-

382 677 517 733 libus
568 680 803 735 brevibus
856 681 1150 753 patentibus
1197 679 1273 733 vel
1321 680 1516 734 reflexis
1559 679 1731 735 obsiti.
1818 679 2157 736 Pedunculi
2199 682 2524 752 terminalem,-

371 767 609 837 solitarii‚
648 768 902 844 angulati,
945 767 1071 823 ibliis
1101 767 1276 841 paullo
1302 766 1574 834 breviores,
1610 767 1792 835 erecti,
1827 767 1989 839 pilosi.
2063 772 2319 824 Amenta
2346 772 2511 846 cylin-

370 855 536 923 drica‚
573 856 751 911 obtusa
763 886 789 923 ‚·
814 852 1218 929 pedunculorum
1247 853 1592 926 longitudine,
1628 873 1771 908 nunc
1797 855 2120 929 aliquantum
2150 856 2400 926 breviora,
2438 861 2517 914 in·

373 941 577 996 terdnm
628 944 908 1017 quidquam
959 942 1197 1014 longiora.
1285 936 1573 995 Bracteae
1619 940 1929 996 orbiculatae
1976 942 2197 1010 virides,
2246 948 2520 1002 excentrice

373 1028 607 1103 peltatim
645 1030 846 1096 affixae,
884 1029 1065 1102 pagina
1098 1028 1350 1102 superiore
1378 1027 1820 1100 longitudinaliter
1843 1047 2067 1100 rugosae.
2137 1032 2416 1086 Stamina
2453 1039 2519 1103 2,

372 1117 607 1172 ovarium
645 1117 885 1192 utrinque
921 1116 1187 1189 stipantia3
1227 1116 1506 1169 antheris
1543 1115 2038 1170 ovato-subrutundis
2074 1117 2227 1173 luteis
2262 1121 2521 1189 exn-orsis,

373 1203 765 1273 hilocularibus‚
803 1205 980 1260 loculis
1011 1204 1289 1258 secundum
1320 1212 1482 1259 totam
1509 1203 1884 1277 longitudinem
1916 1204 2304 1263 dehiscentibus·
2369 1214 2517 1266 Ova-

371 1290 533 1345 rium
576 1289 1124 1365 ovato-subglobosum‚
1165 1288 1467 1362 stigmate
1502 1291 1855 1348 terminatum.
1882 1296 1963 1363 (ex
1988 1293 2217 1352 Endlicb.
2243 1306 2295 1350 et
2312 1316 2407 1354 sec.
2443 1317 2523 1371 sp.

372 1376 437 1433 ab
463 1398 520 1434 eo
544 1399 731 1434 comm.
760 1379 817 1433 in
848 1378 995 1433 Herb.
1024 1397 1125 1450 reg.
1153 1376 1331 1448 berol.)

460 1575 543 1631 E.
602 1570 815 1629 Forma
851 1570 1244 1628 Forsteriana.
1327 1569 1516 1651 Piper
1541 1572 1948 1652 tetraphyllum
1981 1573 2168 1634 Forat.
2209 1573 2413 1634 Prodr.
2452 1597 2513 1639 n.

382 1670 483 1732 25.
515 1672 864 1751 Paper-omia
896 1674 1116 1743 reflexa
1155 1670 1460 1729 Guillem.!
1498 1671 1746 1750 Zephyr.
1787 1673 1942 1731 Taie.
1974 1674 2043 1730 in
2059 1674 2139 1733 Ν.
2157 1676 2320 1736 Anu.
2340 1678 2396 1738 d.
2419 1680 2515 1738 So.

382 1785 506 1832 nae.
551 1773 711 1831 Tom.
735 1773 875 1841 VII
893 1795 959 1853 p.
983 1771 1115 1832 181.
1160 1774 1351 1852 Piper
1376 1773 1556 1832 Linn.
1600 1774 1772 1833 Valet.
1797 1775 2144 1854 Peperomt'a
2172 1779 2517 1859 tetraphylla

379 1876 568 1935 Hook.
605 1887 662 1934 et
697 1874 886 1935 Aron!
914 1875 1125 1936 Bacch.
1149 1876 1210 1934 V
1203 1896 1296 1954 oy.
1319 1897 1388 1955 p.
1410 1875 1506 1935 97.
1590 1876 1767 1935 Foliis
1779 1876 2516 1958 rhombeo-subrotuudis‚

380 1978 643 2039 obsoleto
670 1979 1002 2051 trinerviis,
1029 1979 1376 2056 junioribus
1402 1979 1762 2058 petiolisque
1786 1980 2120 2057 puberulis.

464 2079 766 2141 Habitat
813 2081 878 2141 in
930 2081 1139 2141 insulis
1170 2081 1480 2155 societatis
1506 2080 1817 2161 (Forster),
1851 2083 1960 2142 ius.
1989 2083 2163 2144 Oahu
2188 2083 2512 2167 (Beecheyl

382 2181 447 2241 in
482 2181 656 2241 Herb.
697 2181 781 2242 De
814 2185 994 2259 Lesa„
1035 2183 1268 2264 Meyen!
1312 2204 1392 2243 m.
1429 2183 1615 2263 Majo,
1652 2184 1717 2244 in
1753 2185 1862 2246 nh.
1896 2183 2113 2265 berol.)

448 2328 817 2385 Suffrutieulus
848 2332 1097 2387 coriaceus
1122 2331 1201 2386 di·
1231 2332 1311 2388 vel
1337 2332 1639 2390 trichotome
1665 2353 1918 2403 ramosus,
1951 2330 2060 2390 basi
2091 2334 2419 2393 decumbenti
2437 2357 2519 2394 ra·

376 2412 578 2487 dicans,
610 2419 907 2474 internodiis
936 2424 1074 2474 1-3
1104 2430 1237 2476 cent.
1262 2422 1447 2496 longis,
1481 2443 1545 2478 an
1567 2425 1844 2499 tetragonis
1867 2436 1918 2479 et
1940 2425 2172 2492 sulcatis,
2202 2426 2523 2483 inferioribus

375 2504 566 2579 glabris
600 2506 918 2562 subviolaceis
953 2517 1006 2562 et
1044 2509 1319 2579 viridibuS,
1353 2512 1693 2586 superioribus
1724 2513 2003 2587 puberuliS.
2077 2513 2248 2569 Folia
2282 2515 2519 2591 pleraque

374 2604 621 2667 quaterna
650 2616 760 2651 raro
788 2606 960 2664 terna,
996 2598 1197 2670 patula,
1237 2598 1291 2652 in
1323 2597 1451 2655 sicco
1477 2597 1722 2670 coriacea,
1759 2621 2033 2676 parumper
2059 2601 2393 2675 splendentia,
2420 2604 2513 2677 ju·

380 2683 521 2739 niora
550 2704 701 2758 supra
728 2685 1001 2758 puber-ula,
1036 2686 1216 2740 adulta
1243 2687 1474 2759 glabr-ata
1502 2699 1554 2742 et
1582 2689 1787 2762 perinde
1816 2690 2166 2757 verruculosa,
2198 2689 2380 2745 subtus
2409 2709 2517 2745 ver·

380 2788 464 2824 sus
502 2772 648 2827 basin
685 2793 850 2845 sparse
885 2774 1039 2848 pilosa
1078 2774 1339 2849 glabrave‚
1382 2777 1636 2849 petiolis
1669 2776 1914 2850 profunde
1941 2776 2293 2833 canaliculatis
2321 2778 2432 2832 basi
2463 2780 2520 2833 in

383 2859 638 2914 annulum
663 2861 913 2926 connatis,
938 2861 1123 2934 postiae
1146 2859 1295 2916 dense
1315 2861 1579 2934 puber-ulis
1603 2868 1708 2918 1-
1732 2882 1846 2917 raro
1867 2867 1901 2917 2
1926 2881 2056 2917 mm.
2079 2861 2244 2936 longis
2268 2874 2519 2933 sustenta,

379 2945 627 3020 emptica,
657 2948 1245 3022 subrutundo-elliptica‚
1277 2948 1417 3024 apice
1443 2951 1746 3017 rotundam,
1776 2958 1869 3003 aut
1899 2948 2388 3023 rhombeo-elliptica
2415 2970 2521 3005 ver-

387 3053 473 3089 sus
507 3036 702 3109 apicem
738 3045 996 3092 contracta
1029 3046 1082 3091 et
1112 3035 1316 3103 obtusa,
1352 3037 1622 3111 aliquando
1649 3047 1843 3103 retusa,
1877 3036 1985 3091 basi
2013 3036 2286 3091 rotundata'
2315 3037 2395 3091 vel
2429 3038 2518 3094 ob-

387 3131 531 3193 tusa,
573 3145 688 3181 raro
732 3125 1071 3192 acutiuscula,
1113 3125 1388 3192 trinervia,
1428 3125 1590 3179 nervis
1631 3124 1922 3180 lateralibus
1963 3122 2139 3197 paullo
2182 3124 2521 3195 tenuioribus,

387 3212 705 3286 marginibus
740 3216 1022 3270 extenuatis
1059 3213 1238 3269 leviter
1273 3213 1506 3282 deflexis,
1548 3213 1743 3287 majora
1780 3217 1852 3267 18
1891 3231 2020 3266 mm.
2059 3211 2233 3285 longa,
2278 3216 2348 3267 12
2391 3212 2523 3281 lata,

387 3301 583 3357 minora
622 3307 794 3357 8—12
838 3323 966 3358 mm.
1004 3298 1151 3376 longa
1194 3307 1370 3357 7-10
1401 3322 1532 3358 mm.
1567 3301 1691 3356 lata.
1765 3306 2092 3355 Amentum
2130 3300 2269 3355 adest
2295 3301 2527 3375 juvenile

390 3389 659 3444 terminale
697 3390 1011 3450 solitarium,
1057 3389 1406 3462 pedunculo
1447 3394 1518 3443 13
1560 3408 1690 3443 mm.
1732 3388 1884 3462 longo
1923 3387 2171 3460 puber-ulo
2209 3399 2525 3455 sustentum‚

387 3481 458 3531 12
496 3495 624 3533 mm.
660 3477 876 3551 longum
912 3477 1253 3551 cylindrieum
1286 3478 1524 3550 adspectu
1556 3475 1853 3533 ochraceum
1866 3515 1883 3544 ‚
1921 3476 2072 3531 foveis
2099 3476 2526 3549 perpendiculari-

392 3563 491 3617 bus
527 3564 720 3619 orificio
757 3564 972 3638 oblongo
1014 3564 1359 3619 hirto-eiliatis
1392 3564 1744 3637 exsculptum,
1789 3563 1974 3639 quibus
2012 3563 2251 3637 genitalia
2288 3564 2528 3620 insident.

393 3656 651 3707 Bractea
702 3653 998 3726 pedicellata
1049 3653 1271 3726 peltata,
1325 3651 1460 3726 pelta
1512 3653 1568 3706 in
1620 3654 1746 3707 sicco
1780 3641 2193 3718 membranacea,
2228 3650 2531 3721 orbiculari,

391 3739 782 3796 cebraceo-fusea
835 3740 1163 3814 glandulosa‚
1220 3739 1533 3813 marginibus
1586 3748 1856 3794 extenuata
1907 3737 1991 3792 vix
2039 3736 2218 3792 leviter
2253 3740 2530 3796 crenulata.

396 3828 678 3883 Stamina
705 3828 807 3882 duo
834 3827 1090 3895 lateralia,
1118 3828 1264 3882 anth
1276 3827 1396 3883 eris
1421 3828 1626 3883 emersis
1649 3825 2113 3900 peltata-rotundis,
2140 3826 2321 3883 loculis
2342 3829 2531 3901 pallide

393 3913 545 3969 luteis
573 3912 1024 3970 semicircularibus
1057 3916 1313 3989 appositis.
1347 3914 1629 3970 Ovarium
1654 3914 1930 3986 oblongum
1958 3912 2099 3985 apice
2117 3924 2444 3970 attenuatum
2477 3927 2531 3971 et

392 4002 447 4055 in
472 4003 700 4077 stigma
723 4002 925 4057 fuscum
951 4003 1179 4057 nitidum
1200 4022 1366 4075 sparse
1387 4001 1700 4074 puberulum
1723 4001 1822 4054 cito
1854 3998 2146 4074 glabratum
2178 4003 2530 4057 terminatum.

390 4096 505 4164 (sec.
536 4111 611 4166 sp.
640 4092 875 4168 Beechey.
904 4092 959 4146 in
993 4091 1144 4147 Herb.
1175 4095 1245 4145 De
1277 4093 1429 4160 Lens.)

480 4298 559 4354 F.
618 4294 833 4353 Forma
872 4293 1231 4354 amen'cana.
1310 4289 1613 4363 Glabrior,
1652 4287 1813 4348 foliis
1844 4286 2121 4364 elliptiois
2147 4284 2392 4362 glabris,
2428 4308 2531 4368 pe·

396 4395 556 4457 tiolis
585 4416 783 4477 sparse
815 4395 1131 4475 puberulis
1160 4393 1302 4455 dein
1338 4390 1647 4471 glabratis,
1687 4388 2051 4469 pedunculis
2080 4387 2413 4467 puberulis.
