3153 5134
1441 362 1565 431 175

428 575 619 631 mosa,
650 559 1028 633 succulenta,
1065 559 1241 618 caule
1270 559 1573 640 ramisque
1602 569 2192 644 tetragono-sulcatis
2215 574 2438 651 glabeis
2467 574 2560 639 vel

424 659 1081 739 puberum-adspersis,
1125 662 1284 720 foliis
1326 663 1690 744 plerumque
1723 672 2032 746 quaternis
2064 674 2330 736 breviter
2371 684 2563 757 petio-

427 761 562 821 latis
594 762 856 851 (petiolis
888 765 1012 824 basi
1049 764 1206 824 inter
1237 786 1299 824 se
1332 767 1670 828 annulatim
1703 772 1997 853 connatis)
2027 777 2250 852 patulis
2281 781 2569 861 ellipticis

424 864 845 925 obtusiusculis
870 869 1129 927 carnosis
1155 868 1827 949 pellucido-punctatiS,
1861 876 2191 957 trinerviiS,
2226 901 2407 962 supra
2423 906 2564 946 con·

423 971 584 1031 cavis
629 979 689 1029 et
737 971 1065 1050 aliquando
1112 973 1679 1052 viridi—variegatis,
1712 977 1939 1038 subtus
1977 985 2287 1060 convexi-⁰2,
2339 988 2564 1064 glabris

423 1082 664 1150 praeter
698 1074 990 1152 petiolum
1029 1075 1355 1154 aliquando
1391 1079 1721 1139 tenerrime
1753 1081 2101 1158 pilosulum.

501 1177 794 1236 Habitat
843 1178 910 1236 in
962 1179 1207 1237 Brasilia
1253 1178 1439 1260 (Hert.
1486 1179 1723 1261 Petrop.
1772 1192 1836 1242 et
1883 1185 2102 1263 berol.,
2158 1189 2266 1248 ubi
2312 1194 2561 1254 nomine

419 1280 719 1360 proposito
757 1279 1025 1360 colitur.)

487 1418 707 1475 Herbula
734 1420 1052 1483 succulenta,
1090 1418 1403 1491 Peperomiae
1432 1419 1646 1475 reflexae
1675 1422 1886 1493 similis,
1922 1425 2236 1493 sedstatura
2266 1431 2465 1489 minore
2509 1444 2562 1490 et

414 1503 651 1561 foliorum
683 1507 848 1562 forma
881 1506 1291 1572 distinctissima,
1325 1505 1511 1577 pallide
1544 1509 1743 1577 viridis,
1777 1518 1847 1566 12
1879 1525 2011 1569 cent.
2038 1520 2397 1587 propemodum
2433 1524 2562 1591 alta,

414 1605 600 1660 crecta,
638 1595 1018 1668 pauci-ramosa.
1093 1596 1165 1646 Ca
1178 1592 1302 1646 ulis
1333 1593 1529 1647 inlcrne
1557 1596 1748 1668 pallide
1778 1598 1951 1652 viridis
1980 1601 2178 1675 glaber,
2214 1604 2562 1681 irregulariter

411 1681 947 1753 tetragono-sulcatus,
994 1678 1213 1733 faciebus
1252 1683 1510 1747 concaviS,
1551 1684 1705 1737 rami
1741 1694 2353 1764 tetragono-tetraquctri,
2398 1695 2563 1768 glabri

411 1768 490 1821 vel
519 1766 1085 1845 flocculoso-puberuli,
1108 1765 1316 1833 virides,
1355 1767 1639 1846 imai-nodia
1666 1775 1809 1826 1—2
1837 1783 1967 1831 cent.
1997 1775 2165 1850 longa.
2239 1780 2409 1835 Folia
2436 1802 2560 1857 qua-

410 1866 581 1923 terna,
623 1857 876 1928 petiolis
911 1854 1437 1911 carnoso-succulentis
1475 1855 1662 1930 pallide
1700 1859 1953 1916 viridibus
1986 1862 2355 1921 lutescentibus
2388 1873 2561 1926 tereti·

415 1944 702 2014 compressis
738 1945 955 1997 curvatis
991 1947 1134 1997 1——2
1175 1960 1305 1996 mm.
1344 1941 1531 2014 longis,
1570 1943 1841 2017 aliquando
1864 1967 1977 2009 „uno
2006 1949 2222 2005 alterove
2250 1953 2362 2026 pilo
2388 1960 2565 2029 patulo

414 2031 672 2085 instructis
685 2070 702 2098 ,
752 2031 941 2084 annulo
986 2050 1186 2084 carnoso
1236 2048 1394 2082 crasso
1441 2049 1469 2083 e
1520 2032 1653 2085 nodo
1699 2030 1947 2104 producto
1990 2056 2081 2110 pro
2147 2049 2290 2112 parte
2354 2048 2564 2118 receptis

413 2130 666 2186 sustenta,
703 2119 1056 2192 magnitudine
1085 2119 1141 2172 in
1174 2118 1348 2172 eodem
1379 2118 1626 2173 verticillo
1653 2140 1836 2192 parum
1868 2123 2109 2196 disparia,
2135 2130 2425 2186 succulenta
2456 2136 2561 2204 (ex-

412 2209 594 2263 siccata
639 2207 1205 2281 coriaceo—cartilaginea
1251 2207 1523 2277 nitentia),
1568 2208 1756 2280 pallide
1798 2211 1982 2267 viridia
2006 2214 2559 2292 pellucido-punctam,

411 2295 894 2369 rhombeo—elliptica
924 2294 1231 2368 ellipticave,
1256 2294 1409 2367 ‘apice
1438 2295 1813 2367 obtusiuseula,
1843 2318 1993 2374 supra
2020 2306 2426 2377 concaviuscula,
2453 2311 2562 2382 glat-

413 2384 534 2451 bra,
564 2385 696 2438 zonis
730 2383 1188 2457 longitudinalibus
1219 2387 1363 2437 5—6
1395 2383 1598 2457 pallidis
1624 2396 1775 2461 atque
1806 2390 2162 2446 atroviridibus
2189 2393 2561 2459 alternantibus

410 2474 662 2544 variegata
691 2482 783 2526 aut
817 2472 1097 2545 aequaliter
1130 2471 1337 2539 viridia,
1373 2471 1557 2527 subtus
1587 2493 1826 2544 convexa,
1863 2470 2077 2549 pallida,
2117 2482 2181 2535 ad
2195 2483 2384 2538 lentem
2398 2506 2556 2560 punc·

410 2562 479 2616 tis
517 2560 738 2616 obscuris
775 2562 1043 2634 impressa,
1086 2559 1291 2633 glabra,
1337 2561 1654 2635 marginibus
1693 2567 1975 2621 extenuatis
2010 2571 2351 2643 rigidiusculis
2390 2595 2556 2631 recur-

409 2651 554 2719 vula,
591 2651 729 2723 apice
757 2649 1031 2724 aliquando
1062 2654 1206 2703 2-3
1238 2648 1366 2720 pilos
1395 2650 1620 2703 minutos
1647 2654 1892 2723 gerentia,
1925 2656 2192 2728 trinervia,
2226 2664 2391 2716 nervis
2418 2664 2558 2719 haud

406 2739 805 2812 prominentibus
848 2739 932 2792 sed
974 2736 1265 2811 pellucidis,
1310 2738 1365 2791 in
1405 2738 1548 2791 siccis
1588 2738 2008 2812 subprominnlis,
2044 2747 2210 2803 medio
2240 2750 2304 2804 ad
2334 2752 2552 2825 apicem,

406 2825 612 2900 reliquis
650 2824 851 2879 ieread
892 2844 1012 2879 eum
1054 2824 1250 2893 ductis,
1294 2829 1328 2878 6
1369 2844 1498 2879 mm.
1541 2858 1612 2867 —-
1656 2832 1687 2882 1
1730 2839 1866 2885 cent.
1899 2830 2074 2906 longa,
2111 2839 2253 2894 5-.-6
2287 2856 2415 2894 mm.
2446 2839 2554 2897 luta

404 2915 526 2982 (sec.
554 2934 629 2987 sp.
661 2915 760 2970 viv.
788 2918 932 2969 Hort.
961 2912 1141 2984 berol.)

492 3106 626 3169 160.
707 3110 1160 3181 Penei-omia
1194 3111 1567 3169 trineura.
1629 3108 2029 3190 Decumbens,
2063 3128 2296 3198 erecta,
2329 3122 2419 3184 di·
2446 3127 2548 3186 vel
2649 3103 2653 3106 .

409 3210 765 3272 trichotome
797 3231 1051 3287 ramosa,
1093 3212 1641 3274 corianam-carnosa
1671 3215 2104 3296 glabriuscula,
2138 3223 2314 3284 caule
2343 3229 2550 3297 munis·-⁴

410 3332 530 3392 que
562 3316 914 3393 tetragonis,
948 3315 1109 3374 soliis
1139 3316 1450 3395 quaternis
1475 3324 1535 3375 et
1564 3316 1868 3396 pluribus,
1902 3322 2263 3405 plerumque
2287 3334 2549 3409 septenis

408 3424 472 3475 et
504 3421 735 3478 octonis
763 3419 1060 3497 petiolatis
1093 3419 1353 3499 (petiolis
1385 3439 1528 3479 cum
1563 3421 1791 3481 annulo
1822 3422 1969 3484 nodi
2002 3427 2331 3490 articulatis
2358 3434 2542 3494 subti-

405 3521 625 3582 lissime
670 3521 1008 3603 puberulis)
1050 3522 1364 3582 rhombeo·
1406 3523 1504 3582 vel
1544 3522 2215 3609 lanceolato·ellipticis,
2255 3536 2544 3617 utrinque

403 3627 750 3699 attenuatis,
792 3627 917 3686 basi
962 3627 1152 3686 acutis
1187 3626 1356 3705 apice
1390 3627 1642 3704 obtusis,
1688 3649 1878 3690 crasse
1911 3619 2540 3717 carinato-trinerviiS,

402 3728 778 3805 marginibus
796 3729 1183 3791 subtilissime
1198 3729 1507 3806 ciliolatis,
1527 3731 1822 3811 utrinque
1852 3734 2546 3819 impresso-glanduloso-

405 3830 708 3909 punctatis
723 3875 740 3904 ,
790 3834 1044 3891 amentis
1094 3833 1515 3894 terminalibus
1560 3836 1842 3896 solitariis
1891 3838 2071 3918 longe
2117 3845 2546 3922 pedunculatis

402 3932 619 4008 rectis,
669 3930 1036 4007 densifloris,
1084 3933 1448 4011 genitalibus
1485 3936 1813 4013 immersis,
1864 3938 2054 4001 foveis
2090 3944 2304 4023 nudis,
2344 3948 2544 4011 baccis

403 4036 674 4115 oblongis
709 4033 1042 4096 rostellatiS.

481 4140 772 4201 Habitat
807 4139 872 4197 in
910 4136 1156 4198 Brasilia
1194 4136 1462 4218 (Sellowl
1507 4141 1572 4200 iu
1610 4142 1783 4204 Herb.
1820 4164 1945 4222 reg.
1980 4144 2200 4228 berol.)

468 4284 522 4336 P.
559 4280 912 4335 valantoidi
958 4288 1009 4334 et
1058 4276 1325 4334 reflexae
1355 4291 1567 4353 cognata
1598 4293 1649 4337 et
1678 4281 1815 4338 haud
1845 4283 2090 4343 absimilis
2118 4288 2203 4344 sed
2235 4288 2537 4349 cha-acteri-

393 4367 487 4423 bus
520 4363 872 4425 diversissima.
2394 4368 2405 4383 ³
