3153 5134
1420 390 1547 454 261

410 589 549 646 lente
576 587 1159 664 punctulato-foveolata.
1229 587 1498 642 Seminum
1535 588 1705 644 forma
1734 587 1794 644 in
1822 587 2118 648 universum
2145 609 2247 651 non
2273 592 2421 650 valde
2445 613 2562 652 con-

408 687 565 732 stans.
607 676 868 748 Quaedam
889 674 1574 750 obpyramidato·compressa
1595 687 1719 731 sunt
1737 686 1791 733 et
1813 677 1925 733 basi
1947 691 2466 755 compresso-acutam.
2486 716 2559 727 —-

407 763 795 837 Endopleura
828 764 995 818 tenuis
1025 762 1249 818 albicans
1280 763 1558 818 arctissime
1592 783 1714 820 cum
1746 776 1878 822 testa
1906 767 2162 823 albumini
2191 769 2419 825 nondum
2447 789 2553 826 om·

404 851 530 906 nino
552 863 757 908 maturo
778 851 1020 906 cellnloso
1044 850 1318 919 albicanti,
1346 852 1638 908 adhaerens.
1716 859 1943 911 Saccus
1973 857 2327 932 embryonis
2360 860 2555 917 conice-

409 939 709 994 turbinatus
730 939 1095 995 subimmersus
1111 977 1128 1008 ,
1170 939 1311 1013 apice
1331 940 1510 996 obtuso
1536 958 1597 994 ex
1628 939 1891 998 albumine
1904 954 2187 1018 emergente
2198 955 2251 999 et
2262 944 2558 1005 immediate

404 1025 764 1099 endopleuram
789 1038 1048 1102 tangente.

473 1114 584 1168 Etsi
619 1115 790 1188 Piper
826 1115 1080 1190 longum
1120 1114 1231 1184 offi,
1277 1116 1412 1190 quod
1453 1135 1483 1172 e
1522 1116 1761 1190 Bengalia
1794 1116 2090 1186 advehitur,
2131 1139 2162 1174 a
2193 1120 2370 1180 Chav.
2401 1125 2550 1180 Rox-

400 1197 653 1274 burghii
694 1202 869 1276 colligi
917 1213 1136 1272 constet,
1168 1204 1408 1282 'Chavic
1424 1223 1518 1259 am
1573 1204 1979 1261 officinarum
2016 1207 2206 1262 ibidem
2232 1209 2390 1263 etiam
2416 1230 2547 1269 cres-

404 1305 516 1342 cere
573 1289 814 1362 plurimis
867 1291 1227 1364 speciminibus
1281 1291 1358 1345 ibi
1400 1291 1542 1346 lectis
1587 1293 1790 1349 edoctus
1837 1313 1971 1352 sum.
2057 1300 2190 1352 Haec
2242 1295 2380 1353 foliis
2430 1298 2542 1356 len·

400 1374 626 1449 gioribus
682 1387 735 1431 et
793 1378 1166 1452 angustioribus
1218 1398 1250 1433 a
1293 1378 1495 1452 javanis
1551 1399 1826 1454 parumper
1873 1381 2126 1439 differunt
2177 1384 2264 1439 sed
2313 1385 2543 1462 alioquin

398 1482 716 1539 nequaquam
741 1474 866 1519 sunt
911 1465 1117 1522 diversa.
1203 1467 1462 1540 specimen
1495 1467 1669 1524 Herb.
1716 1468 2103 1543 Roxburghii
2145 1470 2205 1526 in
2239 1473 2417 1532 Herb.
2459 1478 2542 1532 De

400 1555 553 1609 Less.
599 1552 747 1606 nullo
789 1553 1012 1626 graviore
1053 1552 1341 1608 charactere
1382 1573 1414 1608 a
1455 1554 1529 1627 pl.
1563 1553 1766 1627 javanis
1806 1554 1997 1612 differt.
2067 1560 2360 1615 Remulos
2395 1562 2544 1620 video

396 1639 672 1695 subteretes
714 1660 817 1694 uno
853 1641 1011 1696 latere
1042 1641 1344 1716 plerumque
1377 1660 1705 1715 compressos,
1746 1641 2029 1711 striulatos,
2072 1646 2440 1717 verrucul'osos,
2484 1650 2544 1706 in

396 1727 526 1781 sicco
555 1724 901 1784 fuscescentes.
973 1729 1328 1783 Internodia
1367 1732 1510 1783 3—4
1551 1739 1686 1785 cent.
1725 1729 1894 1804 longa.
1965 1731 2142 1786 Folia
2174 1735 2428 1808 (summa)
2456 1756 2540 1792 eo-

395 1814 587 1882 riacea,
616 1814 835 1870 breviter
847 1818 1041 1888 (546)
1070 1835 1199 1872 mm.
1227 1814 1593 1890 pedunculata,
1612 1816 1860 1885 nitentia,
1886 1819 2066 1873 subtus
2081 1818 2284 1892 glauca,
2319 1828 2545 1883 11—13

398 1913 532 1958 cent.
562 1902 739 1976 longa,
775 1909 954 1971 3;—5
985 1903 1120 1974 lata,
1154 1905 1327 1980 itaque
1357 1903 1992 1980 sublanoeolatoeoblonga,
2028 1905 2139 1961 basi
2163 1908 2424 1984 inaequali
2452 1932 2540 1986 pa-

396 2010 517 2047 rum
555 1992 738 2061 excisa3
782 1993 925 2047 nervi
965 1994 1170 2048 omnino
1208 2004 1273 2048 ut
1307 1994 1362 2048 in
1399 1995 1556 2068 specie
1587 1995 1807 2068 javana,
1851 1997 1937 2050 sed
1972 2006 2108 2052 costa
2143 1997 2320 2053 fortior
2357 2000 2548 2060 infima·

397 2078 570 2152 paullo
604 2080 846 2135 remotius
882 2100 913 2135 a
943 2080 1053 2135 basi
1086 2082 1266 2137 oritur.
1339 2087 1596 2137 Amenta
1623 2083 1902 2139 immatura
1934 2084 2308 2157 pedunculis
2337 2092 2369 2143 1
2406 2099 2540 2148 cent.

396 2164 561 2238 longis
600 2167 800 2222 circiter
835 2177 1084 2238 sustenta,
1131 2172 1313 2234 2-2}
1349 2180 1484 2226 cent.
1521 2169 1701 2244 longa,
1737 2177 1881 2228 3—4
1916 2192 2045 2230 mm.
2075 2192 2261 2243 crassa3
2297 2176 2545 2248 genitalia

394 2265 564 2310 exacte
618 2265 681 2310 ut
736 2257 793 2311 in
844 2276 918 2332 sp.
969 2257 1166 2332 javam.
1202 2289 1276 2299 -·
1315 2257 1396 2312 Ab
1441 2257 1536 2312 hoc
1581 2277 1764 2331 parum
1795 2258 1969 2314 diflert
2014 2261 2264 2334 specimen
2309 2261 2417 2319 Hb.
2459 2266 2551 2321 De

398 2346 559 2398 Lesa.
580 2363 728 2417 prope
749 2344 1097 2399 Calcuttam
1124 2345 1345 2412 lectum,
1381 2345 1465 2399 sed
1495 2344 1619 2399 folia
1648 2347 1823 2419 paullo
1852 2346 2109 2421 longiora3
2146 2348 2435 2404 maximum
2468 2355 2547 2408 16

395 2441 528 2486 cent.
563 2431 803 2504 longum,
842 2438 877 2487 5
913 2433 1098 2489 latum.
1138 2465 1212 2475 -·
1252 2432 1404 2487 Plura
1441 2433 1598 2488 etiam
1633 2435 1739 2489 vidi
1769 2435 2046 2509 specimina
2070 2436 2127 2490 in
2158 2435 2409 2491 ditissima
2437 2437 2542 2491 ccl-

392 2518 605 2575 lectione
634 2518 1084 2589 Walliehiana‚
1120 2539 1250 2596 quae
1279 2539 1400 2575 cum
1417 2521 1623 2595 javanis
1648 2521 1860 2597 aliisque
1889 2520 2098 2576 omnino
2126 2532 2434 2595 congruunt.

467 2606 669 2679 Quibus
704 2607 944 2663 omnibus
976 2608 1243 2681 probatur,
1271 2607 1400 2661 hanc
1431 2609 1644 2680 speciem
1662 2608 1899 2662 latissime
1915 2626 2004 2680 per
2018 2607 2218 2662 Indiam
2235 2610 2538 2667 orientalem

392 2714 426 2751 a
456 2697 712 2752 montibus
737 2697 884 2752 Sillet
912 2717 1071 2772 usque
1094 2698 1159 2751 ad
1181 2696 1575 2770 Archipelagum
1600 2697 1699 2751 mol
1708 2715 1959 2751 uccanum
1976 2706 2028 2749 et
2039 2696 2228 2751 insulas
2241 2696 2534 2773 Philippen.

398 2803 472 2841 ses
501 2804 603 2840 esse
631 2781 926 2859 dispersam,
959 2786 1040 2839 uti
1071 2794 1267 2858 praeter
1290 2798 1510 2838 nummu
1533 2785 1879 2839 annotationes
1903 2784 2180 2856 specimina.
2191 2785 2373 2840 nostris
2398 2796 2532 2844 tem·

393 2872 598 2946 poribus
627 2873 756 2928 lecta
787 2874 1030 2947 probant,
1063 2892 1279 2947 quorum
1310 2871 1566 2945 sequentia
1596 2891 1663 2927 ne
1689 2871 1845 2927 dubia
1880 2881 2174 2926 remaneant
2201 2872 2499 2934 describam.

424 2983 427 2986 ·
463 2964 634 3035 Piper
655 2964 872 3037 longum
907 2965 1174 3018 Decaisne
1209 2964 1371 3017 Herh.
1414 2964 1605 3019 Timor.
1642 2981 1695 3035 p.
1723 2966 1853 3028 169,
1891 2961 1945 3014 in
1978 2959 2149 3014 insula
2173 2961 2379 3018 Timor
2407 2983 2437 3017 a
2466 2964 2536 3023 cl.

395 3064 685 3106 wlcnnnor
714 3053 907 3107 lectum
945 3055 996 3123 (e
1038 3050 1310 3124 specimine
1339 3049 1630 3104 authentico
1655 3048 1897 3117 feminee,
1947 3067 2007 3104 ex
2038 3048 2191 3104 Herb.
2218 3052 2344 3104 Mus.
2375 3052 2549 3109 Paris·⁸

401 3140 797 3211 communicato)
850 3140 907 3194 in
938 3139 1146 3213 speciem
1176 3139 1419 3213 javanam
1457 3157 1487 3191 a
1520 3137 1588 3193 cl.
1624 3151 1793 3191 BLUME
1826 3136 2125 3210 descriptam
2168 3135 2409 3211 quadrat,
2443 3158 2537 3195 nec

393 3224 459 3282 ab
502 3227 641 3281 icone
683 3242 900 3282 numan
939 3226 1145 3281 recedit:
1211 3223 1515 3279 Ramulus
1541 3224 1795 3291 subtereS,
1835 3243 1937 3279 uno
1967 3224 2123 3277 latere
2160 3222 2533 3298 planiusculus‚

388 3313 800 3375 cinereo-fuscus.
836 3314 1037 3387 glaber,
1069 3314 1248 3382 laevia,
1284 3313 1521 3380 striatuS,
1555 3311 1853 3366 internodiis
1885 3316 2029 3367 3—8
2059 3321 2194 3367 cent.
2225 3311 2410 3385 longis,
2446 3333 2535 3370 no-

388 3400 466 3454 dis
508 3420 693 3472 parum
735 3402 976 3469 tumidis,
1026 3400 1478 3474 albo-marginatis
1550 3398 1796 3455 Folium
1841 3398 1905 3453 ad
1950 3397 2092 3452 basin
2137 3398 2278 3454 adest
2322 3399 2533 3476 reliquis

388 3486 585 3555 minuS,
635 3497 844 3541 ovatum
857 3527 873 3555 ,
914 3487 1024 3542 basi
1058 3488 1254 3562 aequali
1292 3486 1677 3555 subcordatum,
1723 3486 1861 3559 apice
1896 3486 2126 3540 breviter·
2153 3488 2532 3559 acuminatum,

389 3578 463 3638 5}
491 3583 623 3628 cent.
654 3574 887 3648 longum,
919 3580 989 3641 3}
1017 3575 1214 3642 latum,
1246 3573 1826 3650 subquinquenervium,
1855 3574 2017 3628 nervis
2043 3573 2337 3629 lateralibus
2365 3579 2535 3632 tenui·

389 3659 516 3730 bus3
563 3662 780 3716 costulae
816 3682 998 3736 paucae
1035 3681 1066 3716 e
1097 3683 1148 3717 n.
1189 3662 1376 3731 medi03
1419 3663 1690 3736 petiolas
1718 3681 1746 3716 e
1777 3662 1885 3717 lata
1915 3661 2023 3715 basi
2050 3662 2536 3722 semitereti-canati-

390 3747 592 3803 calatus
636 3754 708 3817 13¹,-
755 3761 887 3806 cent.
933 3749 1131 3824 longus·
1203 3751 1463 3825 Reliqua
1495 3750 1653 3806 folia
1683 3750 1904 3825 majora,
1931 3749 2225 3804 brevissime
2268 3752 2535 3825 petiolata,

390 3854 626 3910 suprema
648 3836 747 3892 iere
782 3838 1061 3893 subsessilia
1084 3838 1371 3914 (petiolis
1394 3839 1569 3893 crassis
1592 3843 1737 3893 2-6
1773 3857 1902 3892 mm.
1933 3836 2118 3911 longis)
2153 3835 2391 3912 oblonga,
2426 3840 2538 3898 basi

389 3922 499 3981 lata
522 3924 856 4000 inaequaliter
881 3927 1202 3995 subcordata,
1237 3926 1696 4001 inaequilateralia,
1734 3926 1938 4000 oblique
1962 3934 2016 3979 et
2043 3934 2190 3978 acute
2216 3926 2535 3996 acuminata,

389 4017 606 4068 11-—12
645 4024 780 4069 cent.
818 4013 996 4087 longa,
1040 4019 1113 4080 δὲ
1150 4015 1352 4070 circiter
1388 4015 1529 4085 lata3
1564 4034 1594 4069 e
1630 4034 1685 4070 n.
1717 4014 1890 4069 medio
1917 4031 2086 4068 versus
2117 4013 2259 4067 basin
2292 4032 2453 4069 crasso
2481 4025 2537 4070 et

393 4098 532 4154 infra
558 4103 869 4173 prominente
898 4102 963 4156 ad
991 4100 1186 4174 apicem
1215 4113 1559 4176 percurrente,
1593 4103 1832 4176 utrinque
1856 4100 2031 4175 paullo
2056 4120 2211 4174 supra
2233 4100 2377 4155 basin
2405 4101 2545 4158 duae·

388 4196 552 4241 costae
593 4187 971 4257 adscendentes,
1016 4189 1357 4264 nervulusque
1397 4190 1722 4245 tenuissimus
1775 4190 1840 4245 ad
1879 4190 2041 4243 imam
2081 4188 2224 4243 basin
2240 4227 2258 4257 ,
2298 4199 2352 4243 et
2386 4207 2538 4263 supra

387 4272 616 4330 medium
661 4274 763 4331 fere
808 4276 1050 4351 utrinque
1093 4275 1292 4350 aliquot
1334 4277 1587 4333 tenuiores
1628 4287 1790 4333 costae
1828 4276 2160 4344 exoriuntur3
2206 4284 2538 4333 anastomoees

388 4370 574 4420 tenues.
639 4368 910 4441 Compages
939 4364 1182 4436 coriaeea,
1214 4363 1477 4440 punctulis
1505 4363 1769 4438 pellucidis
1799 4362 2141 4420 subtilissimis
2170 4372 2388 4437 pertusa.
2448 4369 2534 4420 Co·
