3153 5134
1435 387 1555 449 161

482 585 774 646 Habitat
815 586 879 644 in
914 585 1120 663 Regno
1156 587 1470 649 mexicano
1502 586 1764 668 (Deppe!
1813 589 1877 646 in
1914 588 2087 647 llerb.
2126 608 2251 667 reg.
2290 589 2534 671 beroL),

404 690 467 747 in
510 689 759 749 Brasilia
799 688 1076 771 (Sellow!
1121 689 1301 767 ibid.)

472 814 650 868 Planta
684 813 952 886 palmaris,
987 812 1094 867 basi
1121 812 1452 879 decumbens,
1489 814 1744 881 radicanS,
1772 826 1960 883 erecta,
1996 814 2281 871 dichotome
2310 836 2433 889 vage
2463 837 2550 881 ra<

396 925 568 972 mosa,
611 904 957 960 succulenta?.
1030 902 1236 957 Caulis
1269 903 1547 979 ramique
1584 904 1961 977 subtetragoni,
2000 925 2066 958 an
2103 914 2312 971 tereteS,
2349 903 2543 959 inferne

397 992 589 1065 glabri,
617 993 844 1066 juniores
872 991 935 1045 ad
969 991 1159 1045 lentem
1192 991 1307 1064 pilis
1340 990 1702 1044 minutissimis
1732 992 2003 1064 conspersi,
2040 990 2341 1046 internodiis
2368 992 2548 1055 1-24

394 1091 529 1136 cent.
563 1081 740 1154 longis,
812 1081 985 1136 Folia
1021 1080 1337 1154 plerumque·
1362 1088 1530 1146 terna,
1565 1080 2027 1153 rariusquaterna,
2056 1080 2308 1154 patentia,
2343 1080 2399 1133 in
2421 1079 2549 1133 sicco

393 1168 796 1234 ntembranacea,
831 1168 1126 1243 glandulose
1170 1167 1711 1238 pellucido-punctam,
1757 1167 2050 1239 marginata
2089 1170 2328 1242 ultraque
2360 1185 2544 1220 nervu-

393 1255 507 1308 lum
558 1257 891 1331 marginalem
938 1256 1041 1310 late
1086 1266 1285 1308 extensa
1302 1292 1319 1320 ,
1362 1273 1513 1326 supra
1561 1264 1784 1307 saturate
1828 1253 2009 1307 viridia
2029 1294 2046 1321 ,
2084 1274 2237 1326 opaca
2256 1293 2273 1321 ,
2309 1253 2545 1328 inprimis

384 1342 594 1412 juniora
620 1363 790 1397 versus
822 1343 1103 1417 marginem
1134 1352 1184 1395 et
1217 1341 1409 1413 apicem
1444 1340 1566 1415 pilis
1599 1341 1955 1395 minutissimis
2001 1341 2254 1395 instructa
2298 1341 2549 1415 margini·

392 1429 587 1503 busque
620 1430 963 1496 subciliolata,
1000 1429 1184 1483 subtus
1230 1428 1443 1500 pallida,
1480 1428 1657 1501 glabra
1688 1427 1766 1482 vel
1798 1428 2098 1501 subglabra,
2135 1427 2546 1485 rotundato-obo-

394 1525 542 1583 vata,
585 1536 754 1570 versus
788 1515 931 1570 basin
965 1517 1222 1569 cuneatim
1254 1524 1437 1582 acuta,
1483 1516 1621 1587 apice
1657 1515 1958 1582 rotundata,
2002 1515 2211 1569 nervulo
2241 1515 2406 1569 medio
2435 1535 2546 1588 per·

391 1613 626 1656 currente
652 1603 901 1657 costulato
931 1604 1209 1668 instructa,
1242 1603 1453 1657 costulis
1483 1602 1683 1657 duabus
1712 1622 1814 1657 non
1859 1604 2034 1675 procul
2070 1621 2099 1656 a
2137 1602 2244 1656 basi
2274 1603 2395 1657 ortis
2430 1603 2546 1657 sub-

391 1690 730 1761 triplinervia,
769 1695 913 1745 4-7
944 1711 1073 1746 mm.
1105 1691 1282 1763 longa,
1321 1695 1465 1745 4-6
1509 1690 1642 1757 lata,
1689 1690 1941 1764 petiolis
1970 1695 2149 1755 1-1-}
2187 1706 2315 1747 mm.
2350 1691 2543 1763 longis,

392 1778 560 1831 antice
606 1778 982 1846 canaliculatis,
1034 1778 1394 1852 glabriusculis
1438 1778 1520 1832 vel
1553 1778 1849 1852 junioribus
1900 1778 2240 1832 minutissime
2280 1777 2543 1852 puberulis

389 1873 635 1920 sustenta.
706 1869 892 1917 Amen
904 1874 963 1917 ta
987 1863 1303 1928 terminalia,
1328 1864 1581 1931 solitaria,
1604 1873 1795 1931 erecta,
1828 1867 2006 1929 12}—2
2033 1874 2164 1918 cent.
2190 1864 2367 1936 longa,
2396 1867 2541 1916 1-2

394 1971 518 2007 mm.
553 1970 747 2017 crassa,
783 1950 1080 2018 densissora,
1127 1950 1505 2023 pedunculos
1550 1951 1806 2023 patentius
1849 1949 2212 2023 subpuberulos
2257 1953 2543 2025 aequantia.

392 2038 664 2093 Rhachis
693 2036 1053 2092 subtbveolata.
1128 2042 1412 2090 Bracteae
1446 2036 1664 2091 breviter
1702 2037 2057 2109 pedicellatae,
2094 2037 2230 2110 pelta
2273 2038 2547 2095 orbiculari

391 2126 769 2183 concaviuscula
800 2126 976 2200 glabra
1011 2125 1326 2199 marginibus
1361 2125 1642 2179 extenuatis
1679 2124 1941 2179 undulatis
1971 2124 2346 2182 subcrenulata.
2417 2130 2548 2181 Sta-

395 2216 565 2269 mina
591 2214 692 2268 duo
717 2213 964 2270 lateralia.
1033 2212 1325 2268 Ovarium
1354 2212 1518 2267 foveae
1540 2212 1780 2285 oblongae
1806 2214 2282 2281 semi-immersum,
2307 2224 2543 2285 ovatum,

395 2321 666 2376 parumper
695 2301 992 2377 obliquum,
1026 2302 1167 2375 apice
1195 2301 1367 2373 paullo
1402 2301 1571 2355 antioc
1606 2300 2024 2375 stigmatiferum.
2097 2307 2324 2357 Baccae
2359 2313 2543 2357 erecto·

396 2400 623 2464 patentes
665 2391 1104 2460 semi-immersae,
1159 2401 1334 2444 ovatae
1381 2390 1459 2444 vel
1504 2389 1786 2463 elliptieae,
1837 2391 2032 2459 fuscae,
2082 2390 2335 2445 nitidulae
2353 2431 2371 2459 ,
2406 2392 2547 2464 apice

393 2481 613 2534 breviter
632 2480 926 2534 rostellatae.
979 2480 1397 2553 Pericarpium
1425 2489 1595 2534 tenue.
1666 2484 1878 2534 Semen
1907 2491 2116 2534 ovatum
2132 2484 2253 2549 (sec,
2269 2500 2343 2552 sp.
2359 2484 2541 2553 Depp.)

461 2573 556 2643 sp.
594 2567 943 2623 Selloviana
978 2567 1116 2623 haud
1160 2567 1420 2624 differunt.
1498 2574 1553 2623 ln
1604 2567 1867 2623 schedula:
1927 2569 2108 2623 »Folia
2155 2569 2539 2641 plano-convexa

391 2656 649 2711 subnitida
659 2695 675 2725 2
714 2663 837 2713 005‘
852 2667 860 2684 ‘
902 2668 1113 2713 crassa.''

481 2825 611 2886 145.
694 2833 1147 2901 Peperomia
1200 2831 1665 2888 Sellovlana.
1752 2826 1958 2886 Erecta
1977 2872 1994 2901 ‚
2048 2834 2401 2915 contracta,
2427 2847 2535 2905 pu·

391 2930 565 3005 silla,
607 2930 946 2992 dichotoma
968 2977 986 3006 ‚
1028 2930 1411 2991 subtilissime
1447 2930 1745 3008 puberula
1767 2974 1782 3002 ‚
1824 2948 2106 3005 carnosa,
2145 2930 2306 2989 soliis
2345 2950 2536 3009 oppo-

392 3033 517 3091 sitis
564 3033 904 3112 ternisque‚
963 3034 1230 3093 obovatis
1280 3033 1405 3090 basi
1453 3032 1678 3105 acutis,
1735 3030 2419 3109 glanduloso·punctatis
2472 3042 2533 3092 et

393 3136 739 3213 pellucidis,
783 3135 1203 3214 glabriusculis
1235 3155 1438 3195 versus
1463 3142 1525 3194 et
1558 3133 1637 3194 ad
1668 3133 1967 3212 margines
1990 3135 2390 3197 minutissime
2424 3156 2531 3214 pu-

395 3239 623 3298 berulis
654 3241 750 3299 vel
791 3240 1103 3317 glabratis‚
1145 3237 1595 3299 subuninerviis
1633 3238 1729 3297 vel
1766 3239 2060 3314 enerviis,
2104 3239 2356 3298 amentis
2408 3246 2535 3298 ter-

395 3342 721 3402 minalibus
751 3343 1028 3402 solitariis
1062 3343 1425 3417 densissoris,
1464 3342 1644 3419 longe
1679 3342 2136 3420 pedunculatis,
2179 3340 2539 3420 pedunculis

394 3445 779 3506 subtilissime
831 3446 1146 3524 puber-ulis
1194 3445 1605 3520 brevioribus,
1645 3445 1902 3504 bracteis
1937 3445 2288 3504 orbiculatis
2320 3463 2532 3503 crenu-

395 3547 562 3623 latis,
606 3549 803 3609 baccis
842 3549 1288 3609 subrostellatis.

478 3650 780 3714 Habitat
813 3652 877 3710 in
916 3652 1162 3712 Brasilia
1195 3653 1356 3711 inter
1392 3650 1911 3734 muscos(Sellow!
1958 3651 2023 3709 in
2039 3650 2212 3709 Herb.
2233 3669 2355 3728 reg.
2376 3648 2535 3728 ber.)

462 3781 507 3828 Α
539 3775 849 3846 praecedenti
872 3774 1058 3829 habitu
1083 3774 1489 3840 distinctissima,
1527 3773 1611 3827 sed
1635 3771 2009 3826 characteribus
2036 3790 2178 3845 aegre
2200 3772 2537 3828 discernenda.

387 3861 567 3917 Planta
596 3862 892 3919 succulenta
922 3866 1065 3916 2-6
1098 3872 1230 3916 cent.
1262 3861 1393 3927 alta,
1431 3869 1708 3926 coarctata,
1745 3859 1952 3925 stricta,
1987 3870 2178 3927 erecta,
2215 3859 2324 3912 basi
2355 3859 2535 3913 subde-

388 3950 661 4021 cumbenS,
699 3951 962 4018 radicans,
996 3951 1284 4005 dichotome
1336 3969 1551 4004 ramosa.
1625 3948 1830 4003 Caulis
1861 3947 2142 4021 ramique
2163 3948 2393 4021 juniores
2421 3947 2539 4019 pilis

387 4041 737 4098 subtilissimis
781 4040 966 4096 sensim
1013 4039 1235 4093 deciduis
1279 4038 1550 4092 instructa.
1627 4035 1916 4092 Internodia
1962 4040 2143 4091 2——10
2192 4045 2322 4089 cent.
2368 4034 2539 4108 longa.

387 4128 561 4184 Folia,
600 4130 825 4203 opposita
869 4139 922 4183 et
963 4137 1141 4190 terna,
1181 4125 1251 4178 in·
1283 4124 1412 4178 sicco
1455 4122 2069 4177 coriaceoemembranacea
2102 4121 2357 4187 decolora,
2393 4120 2536 4193 glan-

386 4215 561 4270 ‹lulose
593 4217 868 4289 perforata,
905 4215 1082 4281 adulta
1114 4211 1484 4288 glabriuscula,
1516 4210 1726 4284 juniora
1757 4230 1926 4265 versus
1954 4221 2007 4264 ct
2037 4211 2099 4263 ad
2135 4209 2383 4281 margines
2413 4209 2532 4263 sub·

387 4303 635 4360 tiiissimis
667 4306 784 4378 pilis
811 4304 1035 4360 deciduis
1064 4303 1337 4367 instructa,
1376 4292 1669 4353 ¹subenervia
1714 4299 1789 4354 vel
1822 4299 2071 4373 quaedam
2094 4298 2167 4352 ad
2198 4298 2384 4352 lentem
2417 4296 2535 4351 sub-

391 4392 688 4459 uninervia,
732 4392 870 4448 haud
902 4387 1507 4459 nervuloso-marginata,
1551 4385 1793 4454 obovata,
1838 4387 1945 4442 basi
1977 4397 2127 4442 acuta
2173 4405 2260 4440 nec
2283 4392 2536 4454 cuneata,

2134 4481 2181 4517 ιι
