3153 5134
1441 384 1516 443 51

398 581 553 635 latere
591 578 883 633 alternatim
913 578 1378 644 dentato-sinuata,
1415 578 1727 635 dissitiflora.
1804 580 2007 636 Flores
2046 582 2285 657 utrinque
2319 592 2382 638 ut
2433 586 2546 658 plu·

396 670 594 727 fimum
624 671 802 732 6—-7‚
837 666 1050 721 sinubus
1080 667 1270 722 inserti.
1342 671 1636 722 Bractea?
1663 667 1900 723 florentes
1931 669 2090 737 nudi,
2112 671 2197 725 sed
2228 671 2404 745 paullo
2430 684 2549 728 ante

397 755 763 811 lloroecentiam
792 755 986 809 lamina
1015 754 1320 829 suboblonga
1350 756 1621 810 tenerrima
1662 775 1690 810 e
1728 756 2035 813 cellularum
2077 757 2395 832 globosarum
2437 761 2551 821 laxe

399 853 750 898 contextarum
778 852 934 898 strato
970 842 1188 916 simplici
1226 841 1471 910 formata,
1501 843 1807 898 staminibus
1838 843 2065 919 alioquin
2095 846 2247 901 nudis
2270 847 2433 901 obiter
2464 848 2570 903 ad‘-

405 931 637 1000 haeren8‚
682 932 939 987 bracteam
978 931 1150 985 sistere
1197 930 1328 984 mihi
1374 931 1593 987 videtur.
1668 933 1892 987 Ovariu
1907 952 1959 987 m
2006 944 2386 1007 erecto-patens,
2443 936 2552 991 bre·

401 1020 533 1074 viter
560 1020 915 1094 pedioellatum
932 1059 948 1086 ‚
997 1028 1167 1072 totum
1216 1018 1553 1092 pellucidum,
1605 1019 1703 1074 sub
1756 1022 2050 1077 tenuissimo
2097 1022 2370 1097 pericarpio
2413 1043 2552 1078 ovu—

406 1107 536 1160 lum
586 1106 1105 1161 ovato-acuminatum
1140 1104 1493 1177 orthotropum
1538 1106 1851 1180 pellucidum
1896 1108 2065 1162 velans
2081 1146 2100 1174 ‚
2136 1108 2261 1181 ,basi
2305 1118 2514 1164 ovatum
2535 1147 2555 1177 ‚

404 1213 554 1267 supra
578 1193 787 1248 ovulum
815 1202 1132 1266 protractum
1160 1191 1335 1265 ibique
1361 1211 1389 1245 e
1412 1201 1560 1246 textu
1588 1193 1842 1248 laxissimo
1863 1193 2097 1248 cellulari
2118 1194 2337 1264 (cellulis
2349 1196 2555 1251 omnino

408 1281 623 1356 hyalinis
663 1280 899 1353 globosis)
939 1278 1222 1334 conflatum
1252 1278 1503 1353 (stylus)
1533 1280 1672 1352 apice
1707 1279 1763 1334 in
1796 1282 2022 1353 stigma
2051 1280 2335 1336 orbiculare
2366 1302 2554 1338 auran·

403 1373 593 1427 tiacum
640 1370 943 1443 papillatum
985 1367 1300 1442 subpilosum
1333 1367 1693 1423 terminatum.
1765 1371 2046 1425 Stamina
2074 1370 2177 1425 duo
2203 1370 2437 1426 lateralia
2467 1372 2553 1428 de·

403 1459 555 1514 cidua
571 1500 587 1527 ‚
623 1458 760 1513 infra
789 1458 942 1513 ovarii
976 1456 1279 1531 pedicellum
1316 1457 1501 1511 inserta
1518 1496 1535 1524 ‚
1571 1457 1829 1531 pistillum
1860 1459 2057 1512 circiter
2084 1460 2350 1533 aequantia
2366 1497 2383 1526 ‚
2419 1459 2554 1514 fila·

408 1549 628 1603 mentis
688 1545 1299 1621 transparenti·cellulosis
1346 1545 1484 1618 apice
1527 1555 1799 1599 transverse
1839 1546 2055 1601 dilatato
2100 1547 2157 1600 in
2202 1547 2551 1602 eonnectivum

406 1637 744 1702 continuatis,
793 1654 864 1689 an
876 1634 1072 1688 theris
1117 1633 1312 1705 magnis
1352 1632 1661 1686 aurantiacis
1693 1643 1971 1686 transverse
2011 1632 2259 1706 oblongis,
2293 1633 2402 1687 basi
2429 1635 2560 1688 reni·

407 1721 970 1780 {ormi-semilunaribus
985 1760 1003 1788 ‚
1052 1718 1413 1775 bilocularibus
1429 1757 1446 1785 ‚
1498 1719 1678 1773 loculis
1719 1718 1857 1774 sulco
1893 1718 2134 1774 discretis.
2206 1724 2427 1775 Baccae
2458 1722 2558 1775 im—

410 1822 643 1865 maturae
669 1808 888 1863 breviter
913 1806 1232 1882 pedieellatae
1248 1847 1264 1874 ‚
1299 1806 1714 1879 ovato-oblongae
1731 1845 1748 1873 ‚
1798 1825 2069 1880 parumper
2112 1806 2344 1881 obliquae
2358 1845 2375 1874 ‚
2426 1807 2561 1883 stylo

407 1909 459 1953 et
502 1898 741 1971 stigmate
786 1894 1164 1968 persistentibus
1206 1893 1505 1948 rostellatae.
1579 1893 1713 1947 Infra
1747 1893 1904 1947 ovarii
1936 1893 2262 1948 insertionem
2297 1895 2353 1948 in
2383 1894 2563 1950 rhachi

408 1982 945 2060 hyalino-translucida
977 1991 1152 2035 manet
1181 1980 1384 2034 macula
1408 1978 1665 2035 obscurior
1683 2019 1700 2048 ‚
1736 1980 1881 2055 quasi
1910 1981 2141 2049 cicatrix,
2169 2001 2234 2037 an
2267 2000 2326 2036 ex
2359 1982 2561 2038 bractea

410 2073 636 2128 caduca?
674 2075 793 2141 (sec.
825 2089 900 2143 sp.
932 2068 1074 2122 Ruiz.
1128 2067 1277 2122 Herb.
1310 2067 1491 2122 Willd.
1519 2077 1572 2121 et
1601 2086 1703 2141 reg.
1736 2067 1916 2138 berol.)

504 2161 713 2220 Adnot.
794 2159 954 2218 Num
1006 2156 1218 2235 petioli
1267 2176 1380 2235 pro
1430 2156 1682 2216 ramulis
1715 2156 2082 2216 uninodibus
2116 2149 2553 2236 monophyllis'‚

414 2284 489 2323 ex
526 2261 706 2322 axilla
730 2279 1009 2338 suprema
1043 2267 1282 2320 amenta
1308 2258 1810 2338 protrudentibus
1838 2260 2060 2320 rectius
2098 2261 2362 2320 habendi
2406 2260 2554 2335 siut,

414 2387 449 2426 e
516 2366 657 2424 sicci
718 2372 955 2424 tantum
1015 2362 1360 2442 speciminis
1419 2362 1709 2422 examine.
1761 2360 2104 2440 dijudicare
2168 2383 2291 2422 uon
2342 2362 2559 2422 audem

411 2467 770 2546 squamulae
820 2472 1023 2525 autem
1052 2483 1210 2541 quae
1248 2464 1315 2521 in
1346 2463 1517 2542 apice
1553 2462 1744 2523 caulis
1778 2461 2028 2540 petiolos
2062 2461 2361 2538 fulciunt,
2408 2464 2557 2541 huic

415 2571 745 2640 sententiae
775 2569 980 2629 favere
1013 2566 1316 2627 videntur.

506 2809 612 2867 Ill.
696 2810 1506 2866 Aenofflnuunnnl
1560 2820 1677 2862 mo..
1734 2801 1803 2856 in
1855 2799 2027 2858 Diar.
2091 2800 2291 2860 Instit.
2331 2802 2555 2864 Nedon-12

426 2913 599 2975 1843.
619 2946 698 2957 —
715 2911 961 2971 Flores
978 2904 1457 2985 hermaphroditi
1475 2903 1660 2961 dense
1681 2902 1777 2959 vel
1797 2901 1932 2960 laxe
1949 2903 2295 2963 atnentacei.
2353 2904 2479 2964 Bra
2494 2924 2565 2964 e-

420 3029 540 3078 tea
577 3016 841 3076 breviter
875 3011 1233 3093 pedicellata
1269 3008 1490 3087 peltata
1530 3004 1858 3065 rotundata
1892 3005 2205 3064 carnosula
2233 3007 2563 3083 persistens

421 3120 744 3182 Stamina
799 3118 837 3178 2
894 3114 1195 3188 lateralia,
1257 3108 1675 3169 filamentis
1726 3107 2010 3182 exsertis,
2053 3109 2393 3169 authoris
2428 3110 2564 3170 sub·

417 3220 673 3303 globosis
718 3215 1150 3277 bilocularibus
1169 3257 1187 3287 ‚
1239 3210 1454 3270 loculis
1493 3209 1776 3287 appositis
1811 3209 1963 3268 rima
1998 3207 2429 3287 longituilinali
2463 3210 2563 3271 de-

424 3322 794 3385 hiscentibus
847 3317 1075 3379 effoetis
1123 3312 1589 3374 confluentibus.
1690 3310 2036 3369 Ovarium
2090 3312 2420 3390 oblongum
2464 3315 2565 3374 vel

423 3429 617 3502 ovele,
644 3424 873 3497 sessile,
905 3428 1136 3482 rectum
1163 3465 1180 3494 ‚
1229 3417 1575 3495 stigmate
1614 3413 1920 3473 terminali
1956 3414 2341 3476 verruculoso
2373 3417 2560 3495 pube.

426 3533 600 3606 rulo,
659 3529 757 3590 vel
808 3525 1129 3603 obliquum
1182 3522 1454 3598 stigmate
1502 3517 1721 3578 antico.
1805 3517 2037 3578 Bacca
2071 3525 2241 3593 parte
2273 3517 2563 3581 inferiore

426 3641 731 3698 contracta
782 3625 1398 3711 pseudo-pedicellata
1453 3629 1661 3701 patens
1713 3628 1942 3681 exserta
2001 3619 2258 3698 oblonga
2292 3622 2390 3681 vel
2426 3624 2563 3684 suh-

425 3738 669 3817 globow
732 3734 945 3793 nitens.
1056 3731 1305 3790 Semen
1367 3733 1537 3804 parte
1589 3724 1806 3783 baccae
1862 3722 2172 3800 superiore
2223 3724 2563 3802 inclusum,

426 3839 764 3912 conforme,
823 3841 970 3894 testa
1019 3830 1505 3903 membranacea,
1566 3827 1877 3887 albumine
1912 3825 2187 3885 farinoso.
2231 3860 2310 3873 --
2339 3830 2568 3891 Her-hae

433 3942 827 4008 Americanae
859 3957 1027 4018 saepe
1059 3947 1286 4002 tenerae
1307 3978 1325 4008 ‚
1364 3952 1626 3998 ramosae
1645 3977 1662 4005 ‚
1694 3940 1953 4010 repentes
1986 3929 2320 3989 radicantes
2340 3976 2357 4004 ,
2388 3953 2567 4011 supra

433 4048 702 4111 arborum
756 4055 993 4107 truncos
1045 4050 1102 4099 et
1150 4058 1321 4120 rupes
1354 4057 1649 4097 muscosas
1688 4036 1857 4115 longe
1891 4043 2179 4112 sementes
2200 4077 2215 4105 ‚
2255 4034 2566 4106 pubescen-

430 4138 515 4211 tes
549 4150 643 4214 vel
668 4144 1133 4229 glabriusculae,
1144 4142 1331 4222 foliis
1365 4140 1609 4202 alternis
1635 4158 1768 4198 raro
1796 4138 2079 4218 oppositis
2105 4137 2437 4202 rotundatis
2476 4138 2569 4196 vel

428 4250 1026 4333 '‘uniformi-cordatis
1074 4247 1178 4306 tri-
1230 4244 1324 4303 νεῖ
1370 4242 1857 4322 quinqaenerviis
1875 4286 1890 4315 ,
1952 4240 2202 4299 amentis
2252 4241 2420 4320 longe
2465 4260 2565 4320 pe-

437 4355 797 4416 dunculatis.

2155 4443 2174 4478 ι
2193 4443 2222 4478 ιε
