3153 5134
1549 329 1677 395 312

566 549 844 609 siccentur,
899 555 998 592 non
1044 534 1164 590 adeo
1204 550 1335 588 acres
1378 548 1482 585 osse
1517 539 1576 583 ac
1623 527 1814 601 optima
1855 524 2040 599 Piperis
2070 523 2202 597 nigri
2265 521 2448 596 grana,
2497 519 2622 574 dum
2638 531 2684 573 ‘e

570 645 745 693 eontra
787 631 965 685 baccae
1005 644 1079 697 sp.
1125 618 1650 695 hermaphroditorum
1696 613 1760 670 ad
1796 613 2001 687 plenam
2020 611 2372 666 maturitatem
2384 608 2688 684 *perveniant

570 735 626 782 et
670 719 813 777 valde
854 732 990 775 acres
1028 713 1156 779 sint,
1205 710 1279 765 ita
1303 718 1366 763 ut
1395 714 1692 761 mercatores
1722 699 2016 757 Madrasiani
2043 700 2201 775 hujus
2225 693 2417 754 baccas
2430 694 2691 770 ceylouen-

572 812 714 870 sibus
740 819 793 864 et
824 801 1252 861 malabarcnsibus
1276 798 1597 873 aequiparare
1627 791 1762 849 haud
1786 791 2023 847 dubitent
2038 792 2107 861 ¹).

652 898 850 971 stirps
882 891 1227 965 hermaphr.
1256 886 1411 944 simul
1441 904 1562 941 cum
1592 901 1734 938 mare
1763 891 1815 936 et
1843 880 2037 935 femina
2066 877 2322 955 sylvestris
2345 885 2613 951 generatur
2637 873 2695 927 in

572 986 785 1047 incultis
824 992 879 1038 et
921 977 1165 1036 umbrosis
1206 975 1427 1032 vallibus
1440 1012 1458 1041 ,
1492 974 1548 1026 iu
1593 979 1784 1024 montes
1811 967 2129 1023 adscendens.
2197 965 2443 1020 Luxuriat
2470 963 2545 1017 ibi
2570 963 2701 1016 inter

575 1077 790 1152 rupium
829 1070 1050 1125 fissuras.
1122 1064 1364 1139 Reliquae
1410 1069 1578 1135 partes
1625 1075 1797 1112 omnes
1829 1074 1888 1110 ac
1924 1055 1979 1109 in
2009 1073 2146 1108 mare
2171 1062 2225 1108 et
2253 1052 2444 1107 femina
2457 1092 2474 1120 ‚
2501 1059 2702 1106 amenta

580 1168 626 1223 si
653 1161 898 1235 excipiasz,
928 1155 1115 1211 flores
1153 1153 1231 1208 his
1257 1160 1382 1206 sunt
1403 1145 1715 1223 quadrifarii.
1785 1143 2065 1199 Stamina
2099 1140 2396 1215 plerumque
2435 1143 2501 1208 2,
2526 1157 2702 1193 mmo-

580 1275 661 1323 sa,
708 1252 905 1305 clavata
918 1284 936 1313 ‚
976 1244 1142 1298 ovario
1187 1240 1411 1295 breviora
1427 1276 1444 1298 ,
1482 1234 1752 1310 aliquando
1798 1231 2049 1287 deficiunt
2091 1229 2171 1284 vel
2214 1247 2377 1283 unum
2396 1230 2471 1299 (?)
2517 1226 2698 1281 saltem

583 1344 741 1407 adest.
809 1332 1079 1391 Anthera
1116 1317 1418 1384 'efformatur
1452 1323 1631 1381 loculis
1660 1325 1694 1375 2
1731 1319 1958 1377 ovalibus
1989 1316 2242 1372 filameuti
2273 1314 2406 1387 apici
2436 1314 2698 1388 impositi&

585 1426 875 1489 ovar-ium
902 1419 1197 1495 globosum,
1225 1412 1402 1491 paullo
1432 1414 1748 1467 immersum.
1820 1405 2122 1479 Stigmata
2153 1407 2189 1458 3
2224 1420 2450 1476 expansa.
2511 1406 2699 1456 Bacca

579 1516 781 1594 globosa
800 1550 817 1578 ‚
847 1508 943 1583 pisi
974 1504 1181 1560 minoris
1215 1498 1597 1575 magnitudine.
1631 1496 1786 1550 rubra
1806 1533 1825 1558 ,
1857 1491 2029 1547 mollis
2042 1492 2111 1562 2).

653 1608 746 1677 Sp.
793 1613 970 1653 masc.
1071 1597 1394 1647 Amentum
1440 1584 1739 1650 filiforme,
1766 1580 2085 1656 pendulum,
2138 1576 2409 1633 bracteis
2455 1576 2704 1633 5-seriatis

579 1688 806 1764 oblongis
825 1683 1027 1761 peltatis
1047 1678 1296 1735 sensilibus
1316 1673 1531 1731 carnosis
1550 1671 1782 1729 unifloris
1800 1668 2084 1725 imbricatis
2103 1676 2320 1724 tectum.
2355 1666 2704 1721 Filamenta

578 1790 649 1851 δ’,
684 1774 1010 1840 crassissima,
1036 1767 1348 1833 brevissima,
1380 1762 1532 1819 anth
1545 1761 1665 1816 eris
1686 1761 1768 1817 vix
1803 1758 2004 1814 emersis
2030 1755 2354 1831 quadrilobis.
2423 1754 2607 1811 Pistilli
2646 1756 2715 1810 in

583 1866 886 1948 quibusdam
912 1859 1266 1916 rudimentum
1285 1855 1360 1925 (2)
1386 1860 1636 1926 tanquam
1664 1847 1906 1922 glandula
1933 1845 2210 1921 cylindrica
2238 1844 2294 1898 in
2321 1854 2506 1901 centro.

654 1959 750 2027 Sp.
778 1947 984 2005 femin.
1054 1935 1390 1997 Amentum'
1427 1936 1658 2004 brevius,
1700 1931 1938 2001 crassius,
1977 1932 2221 2006 rigidiuS,
2251 1952 2310 1989 ac
2336 1951 2510 1999 masc„
2541 1931 2705 1988 brac-

583 2043 704 2100 teis
750 2033 1023 2093 triseriatis.
1086 2034 1393 2083 'Bracteae
1434 2034 1498 2079 ut
1536 2025 1592 2078 in
1639 2043 1794 2079 mare.
1881 2023 2174 2078 Ovarium
2219 2021 2381 2075 soesile
2410 2020 2703 2095 globosum,

580 2127 761 2187 rhachi
790 2124 1215 2186 subimmersum,
1241 2113 1649 2189 stigmatibus
1677 2118 1713 2168 3
1737 2110 1884 2168 albis».
1955 2115 2142 2165 Bacca
2179 2110 2377 2185 globosa
2413 2109 2591 2179 rubra,
2622 2128 2702 2165 se-

579 2235 718 2274 men
753 2210 1031 2287 globosum.
1922 2233 1925 2236 ·

652 2300 842 2360 Tribus*
871 2296 948 2357 his
991 2291 1235 2366 stirpibus
1277 2290 1453 2349 radix
1491 2289 1644 2363 longa
1691 2298 1766 2343 est
1809 2286 2056 2363 profunde
2097 2288 2155 2342 in
2188 2297 2373 2344 terram
2407 2296 2698 2362 penetrans,

579 2390 774 2450 caulis
817 2384 1051 2444 scandens
1064 2423 1082 2452 ‚
1131 2390 1357 2437 vetustus
1400 2378 1569 2434 scaber
1582 2416 1600 2445 ‚
1652 2395 1804 2450 supra
1846 2385 2035 2431 terram
2086 2376 2190 2431 late
2234 2385 2408 2451 repens
2444 2376 2527 2433 vel
2551 2387 2702 2449 supra
2806 2383 2809 2386 ’

578 2478 793 2539 frutices
834 2472 1107 2541 scandens3
1154 2489 1184 2525 e
1226 2470 1369 2527 nodis
1412 2466 1672 2525 radicellae
1712 2476 1900 2520 exeunt
1917 2505 1934 2534 ‚
1983 2465 2229 2520 tenaciter
2278 2466 2453 2520 cortici
2493 2464 2702 2539 aliisque

576 2566 868 2644 corporibus
908 2563 1107 2620 infixae.
1188 2561 1358 2617 Rami
1386 2557 1572 2615 alterni
1596 2597 1614 2626 ‚
1647 2555 1912 2612 numerosi.
1981 2553 2151 2611 Folia
2179 2554 2398 2624 alterna,
2433 2554 2703 2630 petiolum,

576 2660 805 2725 cordata,
836 2656 1112 2710 lato-ovata
1139 2650 1218 2707 vel
1246 2650 1486 2723 oblonga,
1518 2646 1840 2713 acuminata,
1872 2644 2120 2718 quinque,
2156 2644 2313 2698 rarius
2342 2643 2703 2717 septemnervia

577 2747 827 2822 (nervulos
873 2743 1122 2798 tenuiores
1178 2745 1240 2796 R.
1284 2755 1552 2813 nunquam
1598 2733 1944 2808 computabat)
1995 2731 2202 2806 glabra,
2251 2750 2401 2804 supra
2427 2725 2665 2795 ‚nitidula
2681 2769 2699 2798 ‚

576 2836 761 2894 subtus
804 2831 1062 2908 pallidiora
1078 2870 1096 2898 a
1145 2827 1414 2903 aliquando
1461 2822 1753 2880 subbullosa
1769 2861 1787 2890 ‚
1838 2826 1981 2877 4--6
2029 2820 2149 2896 poll.
2196 2819 2345 2894 longa
2363 2858 2380 2888 ,
2414 2824 2555 2876 2-4
2581 2819 2702 2875 lata.

575 2922 811 2983 Petioli
839 2917 1182 2976 canaliculati.
1249 2913 1533 2988 stipulae
1561 2908 1951 2985 oppositifoliae.
1987 2907 2308 2984 spathacaeae
2326 2947 2343 2975 ,
2378 2906 2629 2964 deciduae.

654 3017 786 3069 naec
817 3028 847 3065 e
867 3007 1029 3065 verbis
1047 3004 1261 3079 anglicis
1285 3015 1600 3057 Roxmmoml
1626 3009 1878 3073 excerpta,
1914 2998 1957 3053 si
1981 2996 2225 3072 quaedam
2250 2995 2410 3052 demis
2436 2996 2557 3051 satis
2577 3012 2699 3068 qua·

578 3103 734 3158 drant
755 3117 877 3154 cum
904 3093 1258 3169 speciminibus
1285 3090 1351 3146 ab
1381 3090 1551 3144 eodem
1581 3097 1780 3141 auctore
1806 3085 1964 3140 lectis.

652 3193 745 3262 Sp.
776 3185 961 3240 herm.
1030 3179 1208 3236 Rami
1252 3179 1306 3233 in
1354 3177 1484 3232 sicco
1511 3174 1652 3230 fusce
1684 3174 1892 3240 cinerei,
1924 3171 2227 3238 dichotomi‚
2259 3180 2462 3238 teretes,
2493 3168 2700 3244 lignmi,

579 3274 779 3341 striati,
829 3269 1181 3342 ramulique
1218 3265 1350 3322 tusci
1396 3265 1586 3331 laeves,
1637 3260 2164 3336 tetragono-angulosi,
2207 3260 2517 3334 sulcatique3
2548 3258 2703 3312 inter·

580 3364 733 3420 nodia
760 3364 905 3417 3—8
930 3367 1062 3414 cent.
1094 3356 1269 3432 longa3
1293 3353 1412 3409 nodi
1440 3353 1662 3420 tumidi,
1689 3352 1837 3426 grisei
1854 3391 1870 3420 ‚
1898 3351 2189 3425 marginati.
2261 3349 2432 3405 Folia
2459 3348 2706 3416 coriae-ea,

579 3454 647 3510 ad
679 3453 873 3508 ‘lentem
922 3447 1176 3503 fortiorem
1223 3443 1308 3498 vix
1348 3438 1922 3516 pellucido-punctulata
1938 3476 1954 3505 ‚
1988 3437 2422 3508 erecto-patentia,
2461 3435 2708 3510 petiolis

579 3543 756 3606 1-3-2
803 3546 937 3592 cent.
982 3533 1143 3606 long-is
1175 3533 1229 3586 in
1257 3530 1386 3584 sicco
1412 3528 1797 3601 tereti-trigonis
1828 3528 1991 3582 antice
2015 3535 2222 3599 anguste
2252 3535 2306 3580 et
2338 3524 2590 3598 profunde
2620 3543 2700 3580 ca-

580 3624 872 3684 naliculatis
888 3662 906 3692 ,
955 3639 1126 3677 versus
1151 3617 1295 3673 basin
1326 3615 1564 3690 utrinque
1591 3616 1824 3670 cicatrice
1854 3634 2032 3689 rugosa
2062 3611 2331 3686 stipulae
2358 3613 2599 3669 deciduae
2623 3611 2703 3667 in·

580 3714 784 3770 structis
838 3720 1063 3768 sustenta
1079 3747 1096 3775 ‚
1157 3705 1381 3779 elliptica
1397 3742 1415 3772 ‚
1462 3704 1860 3778 subaequilatera
1875 3743 1892 3771 ‚
1944 3703 2052 3758 basi
2099 3701 2295 3776 aequali
2339 3700 2703 3758 subrotuudata

581 3801 664 3858 vel
681 3801 750 3856 ‘in
776 3799 991 3855 summis
1016 3795 1261 3851 subacuta
1276 3831 1294 3862 ,
1330 3791 1467 3866 apice
1493 3792 1782 3848 acuminata
1796 3828 1813 3858 ,
1846 3791 2079 3847 acumine
2105 3790 2337 3846 subrecto
2365 3788 2706 3857 acutiuscula,

647 3997 693 4064 1)
728 3995 853 4044 Idem
892 3995 949 4044 de
981 3994 1032 4042 P.
1059 3994 1192 4059 nigro
1218 3994 1370 4043 valere
1391 4030 1406 4057 ,
1439 4011 1578 4059 supra
1605 3994 1782 4042 monui.

643 4079 689 4147 ²)
724 4080 841 4128 Satis
871 4090 1155 4129 uonunsmo
1188 4076 1349 4143 (donec
1382 4079 1632 4127 certissima
1668 4075 1893 4143 novimus)
1915 4075 2145 4126 fidendum
2169 4111 2184 4139 ,
2212 4075 2332 4126 -dum
2368 4075 2488 4136 banc
2520 4076 2709 4140 stirpem

570 4165 728 4214 herm.
752 4161 933 4212 duabus
958 4159 1254 4227 sequentibus
1303 4160 1534 4226 adiungit.
1623 4159 1818 4208 Ulterior
1867 4171 2021 4209 autem
2053 4163 2105 4208 in
2141 4159 2274 4208 India
2321 4158 2565 4223 repetenda
2608 4157 2708 4205 dis-

568 4248 758 4314 quisitio
797 4249 849 4296 in
867 4263 915 4295 re
945 4257 1040 4295 tam
1074 4236 1258 4294 difficili
1283 4260 1619 4311 supervacanea
1645 4241 1791 4292 videri
1820 4262 1911 4293 non
1935 4254 2080 4311 potest
2111 4260 2215 4291 cum
2242 4243 2299 4291 R.
2326 4241 2478 4290 verbis
2496 4239 2717 4308 quaedam

577 4334 897 4389 contineantur
924 4348 1041 4400 quac
1073 4330 1274 4398 generali
1314 4331 1605 4397 Piperearum
1636 4339 1890 4380 structurae
1922 4326 2253 4394 quodammodo
2283 4334 2555 4391 repugnent.
