3153 5134
1438 393 1558 455 111

430 587 926 665 Guancabamba3
984 607 1134 648 var.
1186 588 1246 646 b.
1289 607 1478 667 prope
1512 591 1629 651 San
1685 593 1892 673 Felipe
1937 597 2003 656 in
2054 596 2366 664 Provincia
2415 605 2570 667 Jaen

431 689 507 750 de
541 690 951 750 Bracamoros.
995 691 1098 751 alt.
1145 689 1300 750 1000
1340 692 1551 773 hexap.
1597 695 1747 775 Aug.
1790 697 1850 758 fl.
1891 697 2132 780 (Humb.
2175 712 2235 763 et
2275 705 2514 788 Bonpl.)

502 815 682 870 Planta
715 813 839 869 facie
880 814 1495 890 Mesembryanthemi
1526 820 1603 873 vel
1639 823 1942 892 cacaliae,
1970 825 2330 885 odoratissima.
2406 833 2574 889 Caulis

428 904 643 978 pedalis,
694 902 938 977 simplex,
981 903 1200 960 crassitie
1247 904 1396 978 digiti
1445 907 1684 976 minoriS,
1729 930 1994 981 carnosus,
2037 915 2227 988 glaber.
2300 920 2470 976 Folia
2498 923 2573 977 al·

428 1002 603 1059 terna,
649 992 863 1058 sessilia,
906 990 1311 1060 dolabriformia,
1362 993 1496 1049 infra
1542 998 1736 1069 apicem
1780 1011 1981 1056 externe
2022 1004 2281 1076 cuspidata
2299 1047 2315 1075 ,
2344 1027 2574 1080 carnosa,

427 1077 537 1132 basi
564 1076 776 1131 obsoleta
807 1078 1072 1147 trinervia,
1105 1080 1280 1152 glabra
1299 1119 1315 1148 ‚
1345 1083 1523 1136 viridia
1557 1096 1651 1138 aut
1678 1086 2261 1164 pulverulento-glauca,
2295 1098 2573 1169 pollicaria.

429 1165 814 1220 Pedunculus
860 1168 1144 1221 terminalis
1187 1168 1443 1224 solitarius
1487 1171 1877 1249 polystachyus,
1918 1178 2238 1255 bipollicariS.
2312 1191 2569 1245 Amenta

427 1273 691 1309 numerosa
721 1259 935 1309 10--12
955 1294 972 1322 ,
1003 1255 1201 1309 alterna
1217 1295 1233 1322 ,
1264 1256 1447 1311 sessilia
1461 1297 1478 1327 ,
1510 1262 1857 1332 approximata
1876 1305 1893 1332 ,
1925 1258 2157 1322 inferiora
2188 1272 2539 1346 subgeminata
2554 1318 2572 1346 ,

426 1342 716 1397 brevissime
746 1343 1072 1415 pediccllata,
1101 1343 1389 1412 filiformia,
1421 1351 1560 1401 3-4
1591 1348 1747 1403 lineas
1774 1351 1939 1425 longa.
2014 1354 2285 1413 Rhachis
2315 1380 2575 1420 commu·

432 1431 528 1484 nis
570 1431 893 1504 bipollioeris.
982 1437 1232 1486 Bractea
1283 1431 1537 1489 foliacea
1579 1437 1644 1490 ad
1682 1438 1826 1493 basin
1869 1443 2148 1515 cujuslibet
2188 1451 2384 1503 amenti
2422 1454 2572 1510 unica

426 1518 733 1585 lanceolata,
768 1517 1177 1585 membranacea,
1204 1517 1406 1592 glabra,
1432 1533 1632 1578 amento
1663 1524 1872 1583 brevior.
1945 1530 2149 1587 Flores
2173 1535 2452 1594 densissimi
2491 1543 2571 1611 (ex

424 1610 486 1662 Η.
518 1609 575 1663 Β.
605 1609 695 1675 K.)

509 1780 609 1843 73.
692 1786 1148 1855 Peperomla
1187 1786 1468 1843 foliosa
1519 1787 1595 1846 H.
1652 1788 1730 1848 B.
1782 1789 1887 1851 K.!
1925 1793 2075 1854 Nov.
2124 1799 2268 1859 Gen.
2316 1792 2469 1866 Tem.
2506 1806 2564 1868 I.

421 1905 482 1965 p.
522 1883 618 1944 63.
705 1883 797 1944 Pl.
854 1887 1089 1965 aequin.
1157 1887 1314 1945 Tom.
1372 1888 1466 1947 II.
1512 1911 1574 1970 p.
1641 1890 1739 1951 63.
1842 1895 2048 1957 Kanth
2112 1901 2362 1986 Synops.
2410 1909 2570 1973 Tom.

433 1989 486 2047 I.
524 2010 588 2070 p.
648 1987 782 2050 116.
868 1985 1054 2068 Piper
1126 1988 1361 2048 Willd.!
1429 1992 1602 2052 Herb.
1715 1996 1915 2057 Roem.
1984 2012 2042 2060 et
2114 2003 2335 2068 Schult.
2409 2011 2566 2090 Syst.

438 2093 597 2152 Tom.
634 2091 687 2149 Ι.
771 2090 979 2150 Erecta
999 2136 1016 2165 ‚
1056 2111 1317 2167 ramosa,
1358 2095 1736 2172 succulenta,
1774 2099 2020 2178 glabra,
2061 2103 2222 2167 foliis
2250 2102 2563 2174 succulen-

430 2194 506 2252 tis
543 2193 842 2272 petiolatis
890 2194 1101 2272 sparsis
1134 2194 1449 2272 confertis,
1490 2198 1853 2280 plerumque
1889 2206 2257 2270 subbinatim
2296 2214 2390 2273 vel
2428 2218 2563 2276 sub·

426 2298 706 2356 ternatim
758 2298 1213 2375 approximatis,
1275 2300 1464 2358 ovatis
1515 2301 1872 2381 ellipticisve
1921 2311 2111 2370 acutis
2144 2314 2239 2373 vel
2274 2314 2565 2380 obtusius-

426 2400 618 2474 culis,
659 2399 920 2459 obsolete
955 2400 1457 2479 quinquenerviis
1473 2448 1491 2478 ,
1536 2407 1792 2466 amentis
1824 2409 2106 2474 brevibus
2140 2416 2565 2494 pedunculatis

428 2502 640 2562 erectis
667 2501 1014 2562 axillaribus
1041 2504 1138 2563 vel
1168 2504 1585 2566 terminalibus
1617 2507 1952 2573 densissoris
1969 2560 1986 2590 ,
2020 2515 2275 2580 bracteis
2292 2521 2560 2588 breviter

423 2605 797 2684 pedicellatis
829 2605 1194 2666 succulentis
1227 2608 1841 2688 orbiculato-peltatis

498 2744 669 2800 Herb.
710 2744 889 2799 Willd.
920 2764 974 2799 n.
1004 2747 1138 2797 723!

506 2876 788 2937 Habitat
830 2876 894 2935 in
929 2875 1176 2934 devexis
1208 2875 1445 2953 frigidis
1481 2879 1784 2941 montium
1804 2884 2076 2957 Quindiu
2108 2890 2269 2954 inter
2286 2895 2555 2963 ElMoral

426 2989 487 3041 et
519 2982 601 3040 La
635 2979 942 3053 Palmilla,
978 2979 1083 3038 alt.
1124 2978 1278 3037 1150
1311 2979 1528 3060 hexap.
1564 2982 1758 3060 Regni
1789 2986 2390 3074 Novo-Granatensis‚
2429 3003 2555 3065 Oct.

423 3083 485 3143 fl.
542 3083 781 3162 (Humb.
836 3089 898 3140 et
937 3080 1160 3159 Bonpl.!
1213 3081 1250 3139 l.
1287 3079 1382 3159 c.).
1437 3084 1502 3142 in
1551 3085 1804 3148 Peruvia
1841 3091 2176 3156 subandina
2213 3099 2289 3158 ad
2324 3102 2557 3184 Maynas

421 3184 709 3265 (Poppig!
756 3185 821 3243 in
853 3171 1027 3243 lierh.
1066 3204 1192 3261 reg.
1228 3182 1439 3265 berol).

489 3323 653 3379 Herba
681 3323 1001 3389 succulenta,
1030 3334 1221 3390 erecta,
1255 3326 1338 3379 vix
1368 3326 1677 3399 spithameat
1709 3331 1913 3401 viridis,
1951 3334 2060 3391 basi
2091 3340 2325 3415 simplex,
2353 3367 2557 3406 sursum

416 3408 639 3466 conferte
667 3410 945 3477 ramulosa,
973 3410 1176 3481 glabra,
1222 3413 1394 3467 caule
1422 3415 1739 3490 ramisque
1774 3422 2147 3496 teretiusculis,
2176 3429 2311 3487 haud
2349 3435 2557 3495 nodosis.

412 3499 554 3554 Folia
599 3498 896 3553 succulenta
941 3497 997 3550 in
1035 3497 1165 3553 sicco
1214 3500 1690 3558 submembranacea
1706 3544 1723 3572 ‚
1762 3520 2033 3581 epunctata
2049 3553 2064 3580 ,
2095 3514 2229 3571 haud
2259 3522 2524 3580 reticulata
2537 3566 2556 3593 ,

414 3587 732 3660 marginibus
760 3595 1058 3653 extenuata,
1091 3587 1329 3659 utrinque
1361 3588 1574 3657 viridia,
1604 3591 1806 3663 glabra,
1844 3596 2067 3667 alterna,
2097 3622 2266 3675 sparsa
2293 3610 2380 3663 sed
2410 3614 2554 3670 valde

413 3675 635 3731 oenl‘erta
677 3686 732 3730 et
778 3694 1132 3747 saepenumero
1162 3675 1385 3729 binatim
1419 3677 1496 3732 vel
1524 3680 1767 3734 ternatim
1797 3692 1848 3736 et
1881 3685 2068 3757 pluries
2105 3698 2554 3771 approximata,

416 3782 504 3817 11oe
552 3773 726 3818 tamen
761 3781 873 3816 vere
900 3762 1120 3835 opposita
1154 3763 1233 3817 vel
1262 3764 1561 3820 verticillata
1575 3805 1591 3830 ‚
1633 3779 1778 3823 ovata
1814 3771 1892 3825 vel
1932 3774 2183 3850 emptica,
2214 3789 2520 3859 aequilatera
2537 3833 2555 3859 ,

411 3850 520 3904 basi
565 3850 838 3904 rotundata
880 3850 958 3903 vel
990 3850 1168 3905 obtusa
1181 3890 1198 3916 ‚
1224 3851 1361 3923 apice
1388 3862 1540 3907 acuta
1568 3854 1649 3907 vel
1678 3854 2022 3916 obtusiuscula
2039 3904 2055 3931 ,
2091 3886 2232 3941 saepe
2261 3884 2323 3927 ut
2353 3877 2557 3934 videtur

408 3938 1078 4010 subcarinawcomplicata,
1116 3943 1288 3993 8-12
1319 3960 1448 3995 mm.
1478 3940 1658 4014 longa,
1698 3950 1840 4001 5—8
1873 3949 2005 4017 lata,
2039 3957 2265 4013 tenuiter
2293 3964 2547 4037 quinque·

407 4025 578 4080 nervia
592 4067 608 4094 ,
636 4047 783 4082 nervo
812 4027 979 4081 medio
1008 4040 1329 4099 percurrente
1355 4030 1436 4083 vel
1464 4030 1603 4085 infra
1633 4033 1827 4105 apicem
1860 4037 2181 4098 delitescente
2209 4066 2360 4119 supra
2388 4053 2549 4107 subli-

408 4125 584 4179 mato,
615 4114 826 4187 reliquis
855 4113 1201 4169 subtilissimis
1232 4136 1414 4189 parum
1444 4119 1730 4186 ramulosis‚
1769 4122 2101 4198 brevioribus3
2131 4136 2355 4203 petioli
2383 4144 2551 4200 antice

405 4201 861 4257 lato-canaliculati
891 4209 1029 4258 3-5
1064 4222 1190 4257 mm.
1223 4204 1378 4277 longi.
1452 4213 1717 4263 Amenta
1744 4211 2244 4282 solitaria,axillaria
2261 4225 2338 4279 vel
2353 4228 2550 4286 subter·

411 4290 657 4358 minalia,
704 4301 900 4358 erecta,
948 4296 1087 4345 1—2
1135 4289 1266 4346 cent.
1308 4293 1488 4366 longa,
1532 4296 1905 4368 pedunculis
1942 4307 1977 4372 ᾗ
2025 4304 2129 4359 fere
2160 4312 2190 4360 1
2225 4322 2355 4367 cent.
2385 4315 2547 4394 longis

406 4385 622 4433 sustenta
641 4420 657 4446 '
693 4389 827 4435 „ecta
857 4385 1033 4447 1-13.
1067 4399 1195 4438 mm,
1225 4398 1385 4434 crassa
1414 4381 1702 4437 densiflora.
1773 4388 2062 4444 Bracteac
2092 4392 2290 4467 densae,
2323 4401 2539 4464 breviter
