3153 5134
1648 387 1777 458 258

652 574 860 644 tabulae
882 597 1222 644 commutasse
1257 588 1481 659 videtur,
1516 607 1641 644 nam
1671 579 1797 645 citat
1825 587 1916 662 fig.
1946 591 1982 642 2
2013 586 2186 659 (sirii
2218 578 2438 644 folium
2469 586 2532 646 R.
2564 605 2624 645 a
2652 580 2796 647 cha}

653 675 787 732 vica
818 676 1011 748 Betle)
1039 687 1093 733 et
1122 677 1353 752 loquitur
1379 677 1445 732 de
1470 678 1679 752 Pipere
1708 676 1889 750 longo
1918 690 1999 743 n„
2025 675 2162 749 quod
2185 674 2283 750 fig.
2302 680 2359 733 1.
2377 677 2691 751 propositum
2705 689 2797 736 est.

728 769 792 820 Iu
828 772 1053 820 uinum
1090 776 1262 822 autem
1297 765 1498 838 scriptis
1551 764 1809 819 variorum
1852 762 2040 818 horum
2082 781 2312 818 errorum·
2341 764 2453 819 fons
2483 767 2799 839 quaerendus

652 860 745 908 est.
816 856 866 907 Is
906 853 1044 907 enim
1101 873 1162 909 ex
1218 873 1324 909 una
1377 862 1589 908 tantum
1640 851 1799 926 specie
1837 851 2013 925 Piper
2055 850 2307 925 longum
2349 850 2453 908 off.
2491 853 2662 927 colligi
2698 874 2796 929 pu·

655 940 795 1008 tans,
847 941 1047 1015 plautas
1075 941 1170 997 hoc
1201 942 1509 1016 pharmaeon
1540 940 1806 1014 largientes
1834 939 2107 994 confundit
2135 949 2188 993 et
2237 954 2458 994 numan
2510 941 2695 1016 scripta
2740 959 2799 997 ac

657 1027 824 1083 icones
854 1028 1179 1103 ,negligenter
1221 1026 1392 1102 legens
1431 1038 1487 1083 et
1525 1029 1718 1095 citanS,
1764 1024 1886 1081 false
1928 1027 2038 1100 ejus
2080 1027 2284 1083 tabulas
2325 1028 2622 1103 adlegabat,
2665 1029 2802 1085 unde

655 1132 885 1169 errorum
921 1115 987 1169 ad
1025 1125 1196 1171 nostra
1229 1125 1453 1189 tempora
1486 1115 1903 1171 continuatorum
1934 1116 2075 1189 copia
2103 1125 2273 1170 exorta
2302 1126 2394 1173 est.
2465 1116 2643 1190 Piper
2669 1117 2798 1173 lou·

655 1213 801 1277 gum
829 1204 1004 1259 Linn.
1032 1223 1062 1259 e
1091 1204 1270 1259 Flora
1298 1201 1457 1278 Zeyl.
1494 1223 1544 1277 p.
1575 1209 1666 1259 12.
1712 1222 1764 1259 n.
1813 1207 1904 1258 30.
1954 1203 2283 1277 repetendum
2328 1214 2428 1272 est,
2475 1204 2625 1277 cujus
2672 1205 2802 1260 defi·

660 1294 794 1350 nitio
831 1304 884 1350 et
911 1295 1066 1350 citata
1095 1305 1266 1350 exacte
1291 1296 1343 1349 iu
1374 1295 1702 1350 Chavicam
1733 1292 2119 1367 R'oxburghii
2157 1294 2294 1364 (vide
2317 1288 2491 1366 supra)
2520 1294 2799 1368 quadrant:

665 1380 894 1436 »Foliis
942 1381 1212 1436 cordatis
1252 1381 1576 1455 petiolatis
1622 1379 2094 1455 sessilibusque”
2140 1391 2266 1437 caet.
2353 1385 2482 1436 Cum
2513 1380 2610 1435 hac
2644 1381 2804 1453 specie

656 1475 826 1541 postea
861 1465 1039 1540 Piper
1073 1466 1326 1542 longum
1360 1482 1580 1522 immun
1616 1465 1955 1522 confundebat
2002 1476 2056 1521 et
2085 1476 2337 1542 tanquam
2369 1488 2684 1544 synonymon
2713 1467 2802 1522 ad·

658 1552 882 1627 scripsit,
917 1553 1025 1611 scil.
1052 1573 1312 1629 perperam
1342 1555 1464 1611 Tab.
1489 1555 1653 1608 citans
1682 1558 1790 1608 116
1819 1552 1912 1627 fig.
1945 1557 1982 1608 2
2016 1553 2126 1610 loco
2148 1553 2239 1628 fig.
2273 1561 2325 1611 1.
2376 1559 2505 1610 Cum
2536 1567 2713 1611 autem
2743 1554 2801 1609 in

662 1642 871 1697 eadem
902 1642 1115 1697 tabula
1140 1642 1235 1697 sub
1255 1642 1395 1717 fig.2
1429 1642 1528 1698 alia
1556 1643 1712 1698 etiam
1744 1642 1955 1716 species,
1979 1660 2160 1716 nempe
2188 1642 2339 1697 sirii
2370 1642 2594 1700 folium
2628 1643 2801 1717 (Cha-

661 1729 797 1786 vica
835 1728 1035 1802 Betle)
1073 1732 1274 1806 depicta
1308 1742 1409 1801 oet,
1451 1732 1584 1787 hanc
1616 1731 1772 1787 etiam
1802 1730 1898 1786 sub
1926 1750 2132 1786 erroneo
2158 1732 2365 1787 nomine
2397 1737 2452 1789 Ρ.
2481 1732 2651 1807 longi
2678 1732 2803 1786 cita·

661 1816 780 1887 bat,
823 1818 909 1873 sed
944 1818 1145 1893 Piperi
1183 1838 1275 1875 suo
1307 1818 1602 1893 Amalago
1638 1829 1888 1893 tanquam
1922 1817 2045 1875 Tab.
2075 1824 2182 1874 116
2213 1819 2305 1894 fig.
2336 1824 2367 1874 1
2403 1821 2591 1891 (errore
2619 1839 2711 1895 pro
2739 1822 2799 1890 2)

660 1904 1056 1973 annumerabat,
1077 1905 1212 1981 quod
1243 1920 1474 1960 incluto
1510 1906 1673 1961 obiter
1701 1905 1879 1961 saltem
1907 1896 2111 1961 tabulas
2142 1906 2233 1961 has
2269 1907 2553 1980 inspicienti
2586 1926 2643 1962 eo
2659 1906 2803 2007 acci-

660 2080 803 2153 longi
850 2032 1209 2153 (bengaiensis)
1239 2079 1588 2137 definitionem
1619 2080 1939 2156 quadrarent.
2010 2081 2098 2134 uis
2127 2079 2377 2135 erroribus
2410 2081 2542 2135 alius
2570 2090 2804 2155 typogra-

662 2167 842 2242 phicus
881 2166 1111 2241 plurium
1145 2168 1426 2223 editionum
1466 2172 1689 2243 Operum
1722 2168 2120 2222 Linnaeanorum
2151 2167 2380 2234 accessit,
2418 2180 2530 2240 quo·
2559 2167 2668 2222 loco
2704 2171 2799 2222 Ta—

666 2255 825 2310 bulae
861 2255 1210 2328 Rumphianae
1244 2248 1352 2312 118
1381 2257 1444 2311 ad
1481 2261 1535 2312 P.
1559 2255 1897 2310 Melamiris
1934 2254 2112 2308 tabula
2150 2259 2255 2310 116
2297 2256 2592 2330 allegatur-‚⁰
2636 2260 2805 2329 Atque

663 2344 740 2397 ita
777 2342 938 2416 igitur
966 2342 1085 2397 haec
1114 2343 1446 2418 intelligenda
1474 2353 1619 2410 sunt,
1658 2356 1931 2396 nummu
1959 2339 2333 2396 Siriifolium
2365 2347 2427 2398 R.
2452 2343 2518 2397 ad
2546 2347 2601 2397 P.
2632 2349 2804 2398 Ama-

664 2432 830 2505 lago‚
872 2440 927 2485 et
966 2436 1019 2488 Ρ.
1061 2432 1311 2506 longum
1354 2436 1418 2488 R.
1456 2432 1522 2486 ad
1557 2450 1703 2489 suam
1743 2430 1956 2503 speciem
1991 2428 2334 2504 homonynam
2371 2431 2530 2485 citare
2565 2430 2805 2501 voluisse,

663 2539 788 2577 nam
829 2519 871 2575 si
908 2528 1110 2575 textum
1148 2519 1344 2594 legisset
1370 2518 1559 2575 aliter
1590 2518 1785 2573 citare
1817 2516 1980 2573 haud
2011 2519 2331 2592 potuisset.
2402 2522 2668 2574 Rumums
2700 2518 2806 2594 ipse

663 2609 898 2683 expressis
936 2608 1102 2663 verbis
1135 2608 1388 2678 declarat,
1429 2627 1579 2664 suum
1620 2607 1795 2680 Piper
1833 2606 2084 2680 longum
2119 2606 2324 2663 differre
2368 2608 2433 2662 ab
2473 2607 2563 2661 illo
2594 2612 2803 2664 Cattu-

665 2696 892 2770 tirpali
926 2707 1253 2765 nnsrnrl,et
1280 2696 1637 2752 Siriiolium
1667 2714 1768 2751 esse
1796 2696 2038 2751 Beteles
2068 2696 2363 2752 fruticem
2379 2698 2563 2772 cuique
2579 2710 2800 2751 numan

663 2787 869 2860 longam
914 2787 1253 2841 narrationem
1295 2786 1483 2860 legenti
1522 2786 1716 2841 clarum
1755 2785 1880 2856 crit,
1923 2796 1978 2841 et
2011 2801 2245 2841 nulum
2284 2797 2419 2845 certo
2454 2788 2585 2857 fuit,
2628 2787 2715 2843 sed
2748 2786 2807 2841 in

654 2875 872 2930 citandis
906 2875 1094 2930 tabulis
1125 2875 1340 2930 errabat.

743 2965 915 3034 Pip2r
966 2962 1221 3037 Amalago
1262 2965 1324 3018 L.
1367 2962 1444 3016 nil
1488 2971 1562 3015 est
1613 2961 1732 3016 nisi-
1755 2961 1981 3016 mixtura
2020 2961 2468 3018 diversissimarum
2510 2981 2711 3029 rerum,
2749 2981 2810 3017 ex

670 3049 917 3123 Catalogis
953 3048 1199 3104 botanicis
1234 3048 1579 3123 expungenda.
1668 3053 1787 3105 Jam
1840 3049 1891 3102 in
1942 3048 2093 3105 Flor.
2148 3050 2310 3124 Zeyl.
2355 3050 2444 3105 uhi
2484 3050 2581 3105 sub
2628 3060 2688 3105 n⁰
2734 3054 2807 3105 28

674 3143 923 3212 tanquam
998 3137 1214 3210 »Piper
1284 3135 1452 3190 soliis
1521 3135 1721 3190 ovatis
1795 3134 2205 3190 acutiusculis
2274 3135 2492 3191 subtus
2541 3136 2801 3194 scabris:

672 3225 874 3280 nervis
915 3224 1191 3300 quinque
1239 3223 1455 3278 subtus
1497 3223 1786 3277 elevatis’'
1833 3223 2082 3290 occurrit,
2114 3223 2424 3296 Pipcraceam
2467 3224 2809 3279 americanam

674 3312 891 3368 Plukn.
944 3312 1098 3367 Alm.
1141 3312 1303 3367 Tab..
1332 3316 1440 3366 215
1499 3310 1540 3366 f.
1581 3315 1664 3378 2.,
1712 3320 1765 3365 et
1812 3309 2102 3382 Amalago
2149 3323 2352 3364 Ruunt
2399 3315 2492 3366 vn
2541 3310 2663 3367 Tab.
2709 3317 2811 3381 16,

679 3396 854 3474 itaque
908 3399 1182 3454 Enckeae
1241 3400 1453 3473 speciem
1515 3409 1569 3453 et
1614 3398 1940 3453 ‚Charicam
1994 3398 2388 3471 comprehendit.
2467 3399 2650 3470 (Conf.
2692 3401 2812 3458 adu.

677 3489 743 3544 ad
786 3490 846 3542 E.
894 3486 1175 3557 Sieberi).
1253 3488 1306 3540 Si
1348 3486 1508 3541 solam
1552 3495 1761 3540 tantum
1807 3484 1929 3540 Tab.
1968 3486 2191 3559 Rumph.
2229 3486 2451 3554 citasset‚
2500 3498 2617 3561 apte
2652 3489 2716 3544 ad
2755 3493 2811 3547 Ρ.

680 3574 902 3630 Βεῐε31ε
928 3573 1105 3628 referri
1146 3584 1304 3648 posset
1338 3579 1392 3631 P.
1439 3565 1760 3648 Amalago‚
1804 3573 1890 3628 sed
1923 3573 2059 3628 illud
2096 3593 2185 3646 per
2223 3592 2275 3629 sc
2308 3573 2436 3629 bene
2466 3574 2584 3650 jam
2632 3575 2810 3633 distin·

674 3672 817 3718 xerat
852 3676 1133 3719 nuruum.

749 3917 918 3979 Primo
956 3939 1190 3980 moneam
1224 3943 1357 3998 quae
1392 3922 1765 3979 oculatissimus
1811 3937 2066 3979 Runrnms
2103 3926 2168 3981 de
2199 3928 2411 4002 Pipere
2443 3928 2620 4003 longo
2653 3943 2809 3984 anno·

677 4012 830 4068 tavit:
895 4015 1120 4066 Frutex
1153 4010 1393 4066 scandens
1424 4009 1618 4063 inferne
1650 4009 1872 4082 lignosus
1901 4010 2122 4087 digitum
2154 4033 2371 4082 crassus,
2406 4033 2523 4069 mox
2554 4016 2609 4069 in
2641 4014 2814 4069 multa

676 4098 936 4172 flagella
966 4099 1129 4173 magis
1160 4098 1398 4152 herbacea
1430 4095 1646 4163 divisus,
1670 4096 1833 4164 lenta,
1853 4118 2037 4173 parum
2068 4102 2271 4169 striata,
2289 4101 2622 4170 atro-viridia,
2655 4121 2811 4158 crasse

677 4187 972 4255 articulata,
1014 4203 1243 4261 quaeque
1283 4183 1488 4238 fibrillis
1530 4203 1557 4239 e
1602 4184 1745 4240 nodis
1779 4189 2030 4260 promptis
2065 4199 2119 4243 et
2154 4187 2391 4243 arborum
2427 4190 2602 4243 cortici
2638 4189 2810 4245 infixis

674 4278 940 4332 scandunt.
983 4270 1184 4331 'Folia
1222 4274 1534 4348 superiora
1572 4274 1983 4349 oblongo-acuta,
2019 4275 2198 4342 firma,
2235 4275 2574 4343 atro-viridia,
2610 4278 2809 4351 maguis

668 4363 885 4437 obliquis
924 4363 1085 4419 nervis
1122 4362 1398 4428 instructa,
1446 4379 1664 4434 quorum
1702 4366 1738 4416 3
1775 4382 1803 4416 c
1840 4361 1948 4418 basi
1980 4362 2107 4430 orti,
2150 4361 2330 4434 reliqui
2366 4382 2394 4416 c
2431 4363 2619 4434 medio,
2662 4370 2809 4422 6-7
