3153 5134
1651 328 1776 390 138

688 520 1055 577 Suffiuticulus
1100 521 1495 577 succulentus¹
1467 557 1500 588 ,—
1547 525 1700 579 metri
1744 524 1916 593 altus,
1961 536 2189 595 erectus,
2234 530 2410 587 caule
2452 510 2781 612 ramisque⁴

617 611 823 667 alternis
865 610 1163 685 oppositisve
1207 610 1452 685 elongatis
1479 612 1653 667 erectis
1683 613 2046 682 subteretibus,
2081 614 2270 688 glabris
2286 655 2305 686 ,
2338 619 2535 675 nodosis
2551 661 2571 690 ‚
2608 624 2765 681 inter-
2777 662 2782 675 .

613 700 779 755 nodiis
826 704 970 754 5—-9
1019 709 1152 754 cent.
1200 699 1373 774 longis.
1463 702 1638 757 Folia
1683 703 1815 757 sicca
1864 701 2241 758 membranacea
2258 742 2276 773 ,
2333 706 2391 760 in
2436 709 2550 765 vivo
2593 711 2763 771 forsan

610 789 904 845 succulenta
918 826 938 857 ,
985 788 1502 862 pellucido—punctata
1551 791 1792 865 utrinque
1837 791 2011 865 glabra
2026 830 2043 860 ,
2095 790 2276 848 subtus
2317 794 2506 868 pallida
2521 837 2539 865 ,
2574 818 2759 872 pamm
2823 843 2828 849 .

611 878 868 945 nitidula,
919 877 1152 932 interiora
1193 879 1441 952 opposita,
1479 889 1674 933 caetera
1719 879 2061 948 verticillata,
2104 884 2281 949 4-5‚
2322 884 2413 939 illa
2442 888 2695 959 petiolis
2726 896 2759 945 4

609 977 743 1022 cent.
788 965 982 1039 longis,
1033 964 1242 1020 obovata
1257 1004 1275 1032 ,
1325 964 1434 1019 basi
1483 965 1744 1020 cuneatim
1787 967 1843 1020 in
1871 968 2120 1040 petiolum
2149 979 2405 1025 contracta
2420 1011 2437 1039 ,
2473 974 2615 1047 apice
2642 995 2760 1031 acu-

608 1053 832 1110 tiuscula
877 1057 911 1107 6
958 1063 1091 1108 cent.
1138 1052 1286 1125 longa
1308 1089 1326 1120 ,
1375 1055 1448 1128 3}
1488 1052 1628 1119 lata,
1664 1053 1915 1127 superiora
1946 1053 2174 1127 elliptica
2202 1054 2758 1136 lanceolam-elliptica,

604 1142 969 1217 inaequilatera
985 1182 1003 1210 ,
1052 1141 1210 1196 latere
1252 1141 1488 1196 exteriore
1536 1141 1839 1215 plerumque
1882 1141 2091 1210 latiore,
2141 1141 2252 1197 basi
2296 1145 2495 1217 aequali
2544 1161 2756 1205 cuneata

605 1233 686 1287 vel
725 1241 875 1285 acuta
892 1269 909 1299 ,
945 1248 1115 1285 versus
1154 1229 1350 1303 apicem
1384 1240 1655 1303 angustata
1684 1229 1974 1284 acuminata
1991 1269 2008 1299 ,
2038 1231 2275 1285 acumine
2301 1232 2643 1292 obtusiusculo
2664 1239 2756 1311 ju·

605 1330 815 1375 ventute
855 1319 1104 1385 ciliolato,
1155 1320 1336 1390 4—62}
1376 1328 1508 1373 cent.
1553 1317 1743 1391 longa,
1794 1318 2084 1390 2—2-3-—3
2138 1329 2268 1374 cent.
2318 1319 2456 1389 lata,
2499 1324 2754 1397 petiolis

606 1412 748 1480 {—2
798 1417 929 1462 cent.
972 1406 1133 1478 longis
1182 1405 1346 1458 antice
1390 1403 1641 1477 profunde
1689 1404 2035 1459 canaliculatis
2074 1415 2335 1476 sustenta,
2389 1409 2642 1484 quinque·
2672 1413 2750 1467 vel

494 1551 499 1556 ,
602 1496 875 1572 aliquando
920 1491 1448 1567 subquintuplinervia
1469 1531 1486 1558 ,
1536 1492 1703 1546 ‘nervis
1744 1492 2014 1561 tenuibus,
2055 1493 2111 1547 in
2149 1496 2335 1568 pagina
2368 1497 2601 1553 inferiore
2630 1502 2752 1557 satis

603 1586 732 1640 bene
758 1580 1090 1637 discernendis
1107 1616 1125 1647 ‚
1156 1578 1320 1633 medio
1346 1578 1558 1652 reliquis
1589 1580 1819 1634 crassiore
1848 1580 1915 1635 ad
1941 1580 2137 1655 apicem
2156 1619 2174 1650 ‚
2206 1583 2524 1639 adstantibus
2550 1586 2655 1641 fere
2683 1590 2750 1644 ad

601 1674 796 1748 apicem
845 1667 1275 1743 percurrentibus,
1330 1669 1529 1723 infimis
1587 1669 1925 1725 subtilissimis
1965 1668 2068 1725 fere
2112 1689 2266 1746 supra
2306 1675 2537 1731 medium
2579 1697 2748 1752 perve-

598 1760 880 1827 nientibus3
902 1757 1092 1812 ramuli
1120 1776 1179 1811 ex
1206 1755 1441 1812 omnibus
1473 1759 1572 1812 orti
1595 1777 1744 1831 parce
1770 1769 2208 1816 anastomosantes.
2281 1766 2437 1818 Juxta
2460 1767 2745 1841 marginem

601 1849 840 1905 nervulus
884 1847 1136 1913 decurrit,
1188 1847 1314 1901 citra
1343 1865 1499 1920 quem
1529 1867 1704 1920 margo
1733 1848 1989 1922 hyalinus.
2062 1854 2390 1906 Amentum
2424 1874 2592 1910 unum
2621 1844 2750 1910 axil:

600 1939 730 2004 lare,
773 1945 866 1990 aut
894 1935 996 1988 duo
1022 1933 1271 2007 opposita,
1305 1934 1661 2008 pedunculo
1688 1935 1863 2009 glabro
1891 1936 2164 2011 cylindrico
2193 1936 2263 2010 1}
2294 1949 2428 1994 cent.
2460 1940 2609 2016 longo
2639 1963 2744 1998 sus·

598 2036 838 2092 tentum,
881 2032 1137 2089 erectum,
1188 2020 1457 2090 filiforme,
1504 2033 1733 2092 rectum,
1773 2029 1807 2078 9
1841 2034 1973 2079 cent.
2022 2025 2272 2098 longum,
2308 2026 2365 2079 in
2392 2028 2520 2082 sicco
2548 2035 2579 2082 1
2616 2049 2744 2085 mm.

598 2133 855 2180 crassum,
908 2109 1165 2184 glabrum.
1254 2109 1464 2164 Flores
1510 2112 1694 2166 remoti
1737 2112 1792 2166 in
1831 2112 2041 2166 rhacbin
2074 2111 2301 2186 glabram
2333 2113 2517 2169 haud
2500 2117 2739 2172 immersi.

598 2208 885 2257 Bracteae
912 2198 1132 2252 breviter
1145 2196 1485 2295 pedicellatae,
1500 2199 1936 2267 membranaceae,
1963 2199 2100 2273 pelta
2115 2201 2386 2255 rotundata
2403 2202 2487 2257 vel
2506 2201 2739 2278 oblongo-

595 2289 869 2346 rotundata
911 2285 1017 2340 basi
1060 2294 1113 2339 et
1153 2284 1290 2358 apice
1318 2285 1753 2353 elevato-reflexa,
1781 2287 2029 2340 lateribus
2060 2288 2264 2343 deflexis
2277 2328 2293 2357 ,
2330 2289 2538 2364 glabra.
2569 2302 2741 2347 centro

589 2379 724 2433 fusca
738 2414 756 2445 ,
800 2384 1053 2429 caeterum
1094 2372 1288 2427 sordide
1329 2372 1474 2426 lutea
1516 2383 1570 2427 et
1606 2393 1772 2427 versus
1805 2374 2090 2447 marginem
2119 2376 2437 2450 aliquomodo
2464 2377 2735 2434 undulato-

587 2467 808 2541 plicata,
852 2462 1180 2536 persistentes.
1251 2460 1541 2515 Ovarium
1574 2471 1797 2514 erectum
1842 2473 2050 2517 ovatum
2070 2503 2085 2531 ,
2122 2483 2396 2539 parumper
2424 2464 2696 2540 obliquum
2717 2507 2735 2535 ‚

588 2556 884 2628 stigmate
933 2547 1126 2604 sordide
1168 2547 1433 2622 puberulo.
1518 2547 1798 2604 Stamina
1827 2550 1928 2605 duo
1960 2550 2185 2606 lateralia
2216 2551 2419 2622 brevia,
2454 2552 2734 2609 antberis

584 2638 893 2713 subglobosis
936 2635 1313 2691 bilocularibuS.
1401 2640 1623 2690 Baecae
1669 2646 1843 2690 ovatae
1887 2637 2087 2713 aliquid
2132 2639 2394 2714 obliquae,
2453 2642 2731 2718 apiculatc-

585 2728 889 2783 cicatrisatae
918 2722 997 2778 vel
1025 2722 1245 2777 breviter
1273 2722 1554 2777 rostellatae
1570 2763 1588 2792 ,
1617 2722 1805 2797 nigrae.
1843 2726 1960 2796 (sec.
1985 2745 2060 2801 sp.
2094 2729 2368 2802 Gaudich.)

666 2902 801 2963 111.
898 2905 1350 2975 Peperomla
1406 2904 1940 2974 leptostachya
1984 2904 2172 2965 Hook.
2231 2918 2287 2966 et
2341 2909 2602 2969 Amata!
2658 2909 2728 2966 in

584 3007 797 3069 Beech.
842 3006 902 3065 V
898 3025 988 3083 oy.
1017 3025 1099 3084 μ·
1128 3003 1227 3063 96.
1307 3002 1547 3078 Erecta,
1589 3005 1970 3080 succulenta,
2006 3008 2274 3083 opposite
2307 3029 2574 3084 ramosa,
2602 3010 2726 3069 hir·

589 3110 771 3184 tella,
809 3107 969 3166 soliis
1009 3106 1633 3184 oppositis-quaternis
1665 3107 1965 3185 petiolatis
1996 3109 2361 3168 succulentis
2391 3109 2721 3187 pellucido-

588 3211 890 3293 punctatis
907 3255 924 3285 ,
977 3209 1258 3287 ellipticis
1308 3216 1506 3268 ovato·
1557 3210 1656 3268 vel
1708 3209 2298 3288 obovato·ellipticis‚
2351 3212 2574 3271 obtusis
2623 3216 2724 3274 vel

585 3313 1011 3387 acutiusculiS,
1044 3311 1332 3372 lateribus
1363 3332 1602 3372 sursum
1636 3311 2173 3389 convergentibuS,
2225 3314 2723 3393 quinquenerviis

585 3418 952 3497 marginatis,
986 3436 1163 3494 supra
1199 3436 1395 3494 sparse
1431 3416 1711 3488 birtellis‚
1732 3415 1941 3474 subtus
1973 3416 2237 3476 maxime
2256 3417 2331 3476 ad
2351 3439 2586 3495 nervos,
2619 3441 2722 3499 pe·

588 3524 735 3583 tiolo
785 3522 1085 3599 ramisque
1122 3520 1331 3595 hirtis,
1371 3519 1621 3593 eiliatis,
1662 3517 1917 3576 amentis
1952 3517 2378 3595 pedunculatis
2414 3543 2490 3583 ex
2522 3524 2718 3584 axillis

581 3625 872 3686 foliorum
915 3642 1335 3703 supremorum
1381 3619 1664 3699 oppositis
1699 3628 1760 3679 et
1789 3620 2208 3681 terminalibus
2241 3623 2488 3729 demum
2525 3648 2718 3690 remo·

583 3729 793 3789 tissoris
819 3726 1201 3787 succulentis.

664 3832 965 3891 Habitat
1020 3830 1084 3888 in
1136 3829 1245 3886 ins.
1280 3826 1454 3885 Oahu
1487 3824 1824 3905 (Beecheyl
1869 3825 1936 3885 in
1973 3825 2146 3888 Herb.
2185 3828 2265 3890 De
2301 3830 2585 3911 Less.)‚in
2604 3830 2712 3888 ins.

578 3934 930 4010 Sandwich,
972 3931 1080 3990 ubi
1123 3928 1341 3988 incolis
1374 3928 1748 3988 Poukamore
1783 3930 2011 3990 dicitur
2042 3929 2497 4012 (Gaudichauffl
2539 3929 2716 4009 ibid.)

652 4070 817 4126 Herba
852 4078 911 4122 ut
948 4067 1146 4120 videtur
1180 4063 1425 4131 humilis,
1461 4065 1787 4135 succulenta,
1816 4067 2064 4122 exsiccata
2093 4069 2342 4142 nigricans
2359 4106 2375 4133 ,
2403 4077 2563 4121 erecta
2580 4108 2596 4135 ,
2629 4088 2713 4143 op-

583 4161 736 4233 posite
763 4175 989 4222 ramosa,
1026 4152 1313 4208 caulibus
1344 4152 1655 4227 ramisque
1673 4155 2028 4224 teretiusculis,
2059 4154 2717 4228 hirto-pubescentibus,nc-

580 4246 726 4301 dosis.
801 4250 996 4300 [ntem.
1034 4245 1176 4297 2-4
1220 4252 1353 4296 cent.
1393 4241 1557 4315 longa.
1648 4243 1819 4298 Folia
1866 4245 1922 4299 in
1967 4244 2084 4299 vivo
2125 4241 2443 4310 succulenta,
2494 4244 2548 4296 iu
2588 4245 2717 4299 sicco

583 4333 962 4387 membranacea
983 4372 997 4400 ,
1033 4327 1283 4403 imprimis
1310 4329 1489 4403 pagina
1521 4350 1630 4402 sup.
1665 4331 1991 4405 nigricantia,
2035 4330 2249 4384 tenuiter
2279 4330 2712 4405 pellucido—punc-
