3153 5134
1471 342 1599 405 449

537 539 636 600 85.
727 542 1104 602 Amathe
1170 541 1470 600 adunca
1550 541 1695 621 Miq.
1762 539 1975 602 Comm.
2032 544 2304 628 phytogr.
2355 567 2422 628 Ρ.
2484 549 2583 611 49.

455 642 644 723 Piper
685 644 948 725 longum,
979 643 1099 725 fol.
1143 662 1299 702 nero.
1334 643 1558 724 pallide
1602 644 1812 721 virid„
1860 645 2144 707 humilius
2195 649 2409 711 Sloane
2441 652 2581 713 Nat.

455 746 614 805 Hist.
658 747 817 806 Jam.
855 746 896 805 1
914 767 978 825 p.
1023 743 1152 804 135.
1235 745 1533 805 Sam-urus
1552 747 1740 825 foliis
1779 749 2215 812 ovato-lanceat.
2250 754 2446 812 nervis
2478 755 2579 814 alt.

450 847 631 907 Linn.
680 849 845 908 Hert.
893 848 1051 927 Ctiffi
1085 868 1153 928 p.
1202 847 1334 908 140.
1415 850 1590 909 Herh.
1638 850 1885 911 Bam-I
1941 852 2185 913 Saumr.
2220 856 2343 916 arb.
2377 858 2582 930 fructu

450 951 680 1010 adunco
729 950 1000 1009 Plumier
1038 947 1236 1008 Amer.
1272 970 1338 1028 p.
1388 947 1483 1009 58.
1565 951 1753 1032 Piper
1797 954 2091 1015 aduncum
2136 957 2317 1018 Linn.
2359 959 2459 1040 Sp.
2484 960 2575 1040 pl.

447 1053 540 1114 Fl.
585 1054 845 1113 Jamaio.
893 1053 962 1110 in
1004 1052 1243 1111 Amoen.
1281 1052 1470 1113 Aoad.
1513 1054 1568 1112 V
1590 1074 1660 1134 Ρ.
1696 1054 1836 1116 375.
1919 1056 2114 1137 Meyer
2144 1060 2335 1121 Prim.
2370 1063 2573 1143 Esseq.

438 1176 500 1237 Ρ.
558 1156 648 1215 15.
747 1155 824 1217 Ρ.
881 1157 1245 1216 arborescem
1307 1156 1461 1215 Mill.
1514 1155 1675 1216 Diot.
1728 1159 1803 1217 E.
1859 1160 2055 1239 Meyer
2103 1162 2172 1220 in
2225 1163 2379 1224 Nov.
2433 1165 2571 1227 Act.

392 1335 399 1342 μ
445 1258 622 1339 Leop.
677 1259 834 1318 Tom.
874 1259 981 1318 XI
1006 1278 1068 1339 Ρ.
1116 1256 1254 1318 774.
1336 1258 1410 1316 P.
1454 1260 1725 1320 scabrum
1755 1261 1922 1322 Lam.
1954 1264 2179 1325 Illustr.
2224 1265 2366 1326 Gen.
2413 1268 2572 1327 Tom.

440 1360 489 1419 I
513 1382 578 1441 Ρ.
624 1360 721 1422 80.
801 1364 874 1423 Ρ.
914 1362 1299 1421 lanceolatum
1341 1360 1705 1421 Salzmamt!
1752 1367 1821 1424 in
1869 1368 2046 1429 Herh.
2083 1368 2176 1429 De
2211 1369 2370 1430 Lesa.
2411 1370 2569 1451 Stes·

423 1465 641 1543 semia
681 1466 913 1525 adunca
956 1463 1199 1524 Kunth!
1246 1465 1314 1522 in
1349 1464 1622 1525 Limnaeo
1660 1465 1701 1531 l.
1739 1489 1788 1527 e.
1816 1489 1879 1548 Ρ.
1916 1469 2053 1531 633.
2134 1471 2335 1532 Ramis
2367 1493 2567 1534 ramu-

435 1566 633 1646 lisquc
682 1567 900 1626 striatis
951 1568 2009 1649 aspero-verruculoso·punctulatis,
2066 1573 2409 1652 junioribus
2465 1596 2567 1657 ap·

436 1686 636 1747 presse
662 1666 1007 1745 hispidulis,
1039 1666 1200 1727 foliis
1225 1668 1492 1729 breviter
1516 1672 1843 1749 petiolatis,
1875 1675 2565 1752 rigido-membranaceis

437 1768 1155 1850 pellucido-punctulatis,
1186 1791 1365 1850 supra
1394 1773 1599 1851 opacis
1626 1776 2061 1854 scabriusculis,
2093 1780 2301 1841 subtus
2325 1783 2567 1862 pallidis

441 1872 784 1951 puberulis,
831 1873 1249 1952 lato-oblongis
1294 1875 1394 1934 vel
1448 1874 1744 1959 (summis)
1799 1881 2565 1965 sublanceolatofflblongis,

431 1976 571 2055 plus
611 1975 818 2036 minus
864 1976 1341 2056 inaequilateris,
1386 1981 1770 2058 acuminatis,
1823 1983 1947 2043 basi
1998 1985 2215 2047 leviter
2253 1987 2563 2068 inaequali

428 2078 793 2156 rotundatis,
838 2079 1499 2163 lineato-multi-(6—7)
1543 2084 1808 2162 costatis,
1853 2088 2107 2148 amentis
2152 2091 2563 2154 erectiusculis

428 2180 577 2242 folio
598 2182 995 2259 brevioribus,
1032 2183 1300 2244 falcatim
1325 2187 1604 2263 curvatis,
1638 2189 1987 2266 pedunculo
2022 2193 2314 2270 petiolum
2343 2205 2561 2274 quater

425 2286 527 2345 vel
576 2286 900 2366 quinquies
949 2295 1267 2363 superante
1284 2334 1303 2364 ,
1361 2289 1615 2351 bracteis
1664 2293 1936 2371 peltatis,
1980 2296 2548 2378 efflato-fimbriatis,

427 2386 622 2448 baccis
662 2389 1292 2468 obovato·tetragonis,
1339 2394 1565 2454 vertice
1609 2397 2053 2458 subrotundatis
2064 2445 2083 2476 ,
2132 2403 2361 2462 semine
2401 2423 2552 2464 con-

431 2487 611 2548 formi
645 2491 864 2552 leviter
899 2492 1175 2552 areolato.

492 2617 652 2670 Icon.
687 2615 868 2669 Sloane
898 2615 933 2668 l.
966 2635 1010 2669 c.
1044 2615 1166 2669 Tab.
1201 2618 1332 2670 Lxx
1364 2615 1454 2689 fig.
1484 2620 1535 2671 2.
1575 2618 1797 2673 Plumier
1826 2618 1866 2674 l.
1895 2638 1942 2675 c.
1972 2621 2093 2675 Tab.
2127 2627 2214 2680 77.
2248 2629 2389 2700 Jaoq.
2418 2632 2553 2685 loon.

417 2703 468 2754 11
504 2700 627 2756 Tab.
661 2706 790 2757 210.
975 2754 982 2760 .

488 2787 662 2845 Herb.
696 2788 879 2844 wind.
917 2808 969 2845 n.
1007 2794 1140 2844 663!

494 2879 788 2966 Habitat
820 2926 930 2987 per
962 2906 1251 2985 majorem
1287 2917 1517 2988 partem
1552 2909 1864 2973 Americae
1896 2914 2225 2993 calidioris,
2267 2918 2543 2998 inprimis

412 3016 483 3067 ut
529 3006 772 3069 videtur
816 3009 877 3067 in
925 3010 1248 3089 provinciis
1283 3012 1579 3073 orientem
1615 3017 2049 3094 spectantibus,
2090 3019 2156 3079 in
2188 3021 2398 3082 insulis
2432 3024 2538 3084 In-

412 3109 550 3172 diae
584 3112 997 3190 occidentalis,
1039 3134 1092 3174 v.
1129 3134 1181 3174 c.
1222 3116 1287 3175 in
1325 3116 1591 3178 Jamaica
1627 3119 1763 3200 (Hb.
1801 3119 1885 3180 De
1922 3120 2156 3203 Less.!),
2198 3124 2536 3189 Portoricco

408 3214 716 3295 (Wydler!
774 3215 967 3298 ibid.),
1028 3218 1094 3277 in
1151 3219 1468 3281 Surinamo
1520 3222 1866 3305 (Hostmann
1919 3226 2083 3305 apud
2137 3228 2333 3308 Meyer
2383 3230 2423 3289 l.
2479 3250 2537 3295 c.

413 3315 634 3378 Focke!
672 3318 738 3378 in
772 3320 943 3380 Herb.
977 3340 1203 3400 propr„
1237 3322 1531 3402 Weigelt!
1572 3326 1637 3385 in
1671 3326 1845 3388 Herb.
1879 3348 2001 3407 reg.
2032 3330 2156 3391 ber.
2192 3339 2255 3391 et
2285 3332 2529 3414 Meisu.),

409 3417 477 3478 in
519 3420 891 3481 convallibus
938 3423 1156 3484 Bahiae
1199 3423 1454 3505 (Salzm.!
1506 3427 1572 3487 in
1609 3428 1780 3489 Herb.
1816 3429 1901 3489 De
1934 3430 2135 3511 Less.),
2175 3433 2242 3492 in
2281 3435 2528 3499 Brasilia

405 3520 681 3601 (Sellowi
722 3525 787 3585 in
812 3525 1000 3588 flerb.
1034 3547 1158 3606 reg.
1190 3526 1369 3608 ben),
1410 3528 1689 3592 Valencia
1722 3531 1981 3613 (Moritzi
2018 3534 2188 3616 ibid.)
2196 3583 2215 3614 ,
2249 3546 2397 3600 caet.

475 3648 641 3702 Usus.
714 3651 934 3705 Amenta
973 3649 1130 3725 hujus
1165 3661 1216 3706 et
1259 3652 1626 3709 nonnullarum
1662 3655 1882 3713 aliarum
1914 3658 2081 3714 eodem
2116 3661 2265 3717 modo
2296 3682 2355 3718 ac
2388 3664 2531 3740 Piper

398 3733 614 3808 longum
653 3754 820 3811 sapore
855 3737 959 3794 acri
994 3738 1258 3795 vellicante
1293 3740 1514 3815 insignia
1550 3753 1677 3798 sunt
1704 3754 1758 3799 et
1785 3745 1842 3800 in
1872 3747 2245 3805 Brasih'ensium
2277 3752 2529 3809 medicina

405 3823 676 3879 usitantur.

473 3913 660 3965 Frutex
695 3910 897 3981 elatior,
937 3913 1328 3985 ramosissimns,
1362 3917 1546 3974 ramis
1580 3918 1906 3976 subflexnosis
1936 3923 2202 3994 teretibus,
2240 3927 2524 3983 ramulis·

397 4016 514 4073 que
543 4017 814 4074 parumper
843 4004 1154 4078 compressis,
1175 4005 1389 4074 nodosis,
1408 4006 1700 4081 junioribus
1729 4009 2309 4085 subhispidulo-scabris‚
2336 4015 2525 4071 adultis

398 4084 598 4141 minute
639 4087 1260 4164 tubemulato—punctatis‚
1315 4094 1394 4148 vel
1435 4095 1818 4171 sublaevigatis,
1866 4100 2164 4157 internodiis
2204 4107 2347 4159 5—6
2392 4115 2522 4161 cent.

394 4173 554 4248 longis
599 4176 678 4230 vel
725 4176 1045 4252 longioribus,
1124 4179 1295 4235 Folia
1338 4180 1556 4237 breviter
1589 4184 1860 4258 petiolata,
1904 4186 2154 4260 petiolis
2192 4190 2524 4246 tenuiusculis

395 4263 783 4335 semiteretibus,
832 4265 994 4321 antice
1027 4266 1402 4338 canaliculatis‚
1436 4269 1545 4325 basi
1580 4272 1793 4327 dilatata
1823 4273 2017 4328 nodum
2046 4274 2148 4329 fem
2176 4276 2519 4350 amplectenti-

394 4350 515 4425 bus,
549 4358 582 4409 1
616 4363 752 4411 cent.
781 4354 982 4412 circiter
1007 4354 1170 4431 longis
1198 4366 1447 4430 sustenta,
1482 4358 2067 4433 rigido-membranacea,
2100 4362 2523 4438 pellucido-punc>

2077 4458 2125 4493 ιο
