3153 5134
1516 356 1643 420 231

498 552 787 608 bracteae
825 553 1046 627 peltatae
1082 551 1409 629 pedicellatae
1443 550 1747 608 orbiculares
1779 550 1954 607 fuscae
1993 552 2099 607 late
2134 552 2638 631 luteo-marginata,

497 641 966 713 augmentat—e
996 639 1353 708 teretiuscula,
1390 638 1712 714 longiuscula
1738 639 1984 695 radiatim
2010 658 2222 714 expansa
2250 631 2541 714 pubet-alm*

569 732 693 784 Vere
728 727 967 804 indigena
992 739 1261 802 spontanea
1289 727 1550 802 sequentia
1580 747 1661 801 sp.
1699 746 1877 784 masc.
1911 727 2182 797 videntur,
2213 727 2397 784 babitu
2430 727 2643 806 quidem

494 833 591 872 nec
614 825 789 870 tamen
819 815 1197 871 sufficientibus
1225 813 1599 870 characteribus
1626 814 1901 890 paullisper
1920 815 2130 873 diversa.
2185 820 2249 871 Iu
2270 814 2395 872 baec
2417 817 2640 874 maxime

495 904 716 980 quadrat
750 903 961 959 laudata
997 907 1283 958 Boanumn
1319 902 1451 958 icon.

565 991 851 1060 scandens,
876 991 1135 1060 radimus,
1162 990 1453 1046 dichotome
1482 988 1823 1044 ramosissima
1850 986 2048 1063 glabra.
2091 989 2265 1045 Rami
2292 990 2639 1061 teretiusculi,

493 1079 850 1154 ramulique
899 1080 1167 1154 angulosi,
1219 1077 1604 1150 subtetragoui,
1656 1096 1763 1132 una
1810 1075 1942 1132 facie
1989 1077 2295 1153 plerumque
2342 1081 2638 1149 concavati‚

493 1168 690 1235 striati,
724 1165 928 1241 glabri,
961 1167 1127 1222 laeves
1144 1205 1163 1235 ,
1199 1164 1500 1229 internodiis
1544 1169 1728 1220 4-14
1763 1175 1898 1222 cent.
1928 1165 2090 1241 longis
2107 1205 2126 1236 ,
2158 1167 2305 1223 nodis
2336 1168 2639 1242 profundius

492 1255 722 1311 coloratis
766 1254 1086 1329 marginatis.
1175 1252 1350 1308 Folia
1392 1252 1739 1322 subcoriacea‚
1790 1253 2039 1327 subopaca
2056 1292 2074 1323 ,
2123 1254 2306 1311 subtus
2335 1255 2637 1329 pallidiora,

493 1334 742 1418 utrinque
804 1343 980 1417 glabra
994 1379 1012 1410 ,
1081 1339 1667 1414 pellucido-punctulata
1683 1379 1701 1408 ,
1752 1360 1906 1416 supra
1948 1343 2119 1398 nervis
2163 1342 2386 1412 lineata,
2435 1364 2638 1402 ramea

486 1442 662 1500 ovata,
696 1441 835 1487 recta
862 1430 946 1486 vel
979 1429 1213 1505 obliqua,
1250 1428 1359 1483 basi
1388 1429 1590 1504 aequali
1620 1429 1699 1485 vel
1734 1430 1915 1486 leviter
1947 1431 2204 1506 inaequali
2234 1434 2511 1489 rotundata
2539 1443 2635 1491 aut

491 1520 673 1574 leviter
706 1519 945 1587 cordata,
982 1517 1273 1572 brevissime
1300 1518 1628 1586 acuminata,
1659 1522 1872 1574 10-11
1903 1528 2037 1577 cent.
2068 1519 2249 1593 longa,
2283 1524 2467 1589 53-—43
2497 1521 2631 1592 lata,

492 1604 890 1679 septuplinervia
909 1644 926 1672 ,
982 1604 1148 1659 nervis
1203 1604 1386 1658 saltem
1434 1609 1468 1659 3
1515 1605 1696 1660 mediis
1738 1606 1915 1680 paullo
1959 1626 2114 1680 supra
2160 1608 2307 1663 basin
2349 1608 2526 1664 solutis
2568 1610 2638 1666 ad

487 1693 685 1767 apicem
728 1691 928 1760 ductis,
965 1691 1206 1746 omnibus
1236 1691 1588 1747 validiusculis
1602 1728 1624 1762 5
1656 1693 1838 1748 subtus
1874 1694 2283 1767 prominentibus
2300 1733 2318 1764 ,
2351 1707 2634 1752 anastomo-

486 1781 626 1836 sibus
663 1780 1158 1836 subboiisontalibus
1197 1780 1498 1852 prominulis
1538 1781 1618 1836 vel
1652 1781 1752 1836 fere
1785 1782 2033 1840 obsoletis.
2106 1783 2277 1841 Folia
2307 1785 2634 1859 superiora

484 1869 671 1923 sensim
714 1867 1009 1941 angustiora
1022 1906 1040 1936 ‚
1078 1868 1274 1922 minora
1290 1907 1308 1937 ‚
1345 1868 1508 1941 magis
1550 1869 1778 1943 elliptica
1806 1870 1890 1925 vel
1917 1871 2169 1946 oblonga,
2205 1872 2406 1928 brevius
2435 1875 2633 1929 acumi-

481 1965 603 2011 nata
616 1994 634 2024 ,
685 1955 906 2030 denique
953 1954 1258 2030 plerumque
1285 1954 1466 2009 saltem
1497 1955 1801 2030 suboblique
1825 1967 1976 2012 acuta
2009 1958 2088 2012 vel
2114 1956 2492 2028 obtusiuscula,
2519 1958 2630 2017 basi

480 2044 681 2119 aequali
727 2043 809 2099 vel
848 2042 1106 2117 inaequali
1152 2041 1333 2097 leviter
1376 2042 1585 2098 cordata
1599 2082 1618 2112 ,
1654 2045 1932 2099 rotundatu
1961 2055 2055 2100 aut
2083 2045 2406 2101 acutiuscula
2421 2085 2439 2114 ,
2473 2046 2630 2122 quin-

479 2132 639 2205 tupli-
672 2132 753 2186 vel
784 2130 1211 2205 septuplinervia‚
1234 2129 1492 2202 petiolis
1520 2131 1689 2191 variae
1714 2131 2053 2205 longitudinis
2080 2132 2250 2191 antioc
2276 2132 2632 2190 canaliculatis

478 2228 535 2275 et
574 2239 605 2276 e
640 2219 898 2295 stipulis
928 2218 1154 2274 deciduis
1184 2217 1485 2273 cicatrisatis
1512 2228 1760 2275 sustenta.
1832 2223 2098 2275 Amenta
2127 2239 2310 2277 masc.
2336 2221 2514 2295 patula
2545 2223 2628 2278 vel

477 2305 706 2377 deflexa,
772 2306 1145 2382 pedunculis
1196 2309 1399 2370 1-15-
1426 2316 1561 2361 cent.
1614 2305 1780 2380 longis
1826 2307 2020 2380 glabris
2062 2317 2292 2364 sustenta
2341 2315 2629 2381 5-53--8

481 2405 619 2452 cent.
662 2397 844 2471 longa,
891 2394 1193 2461 filiformia,
1238 2393 1548 2448 rectiuscula
1596 2393 1679 2448 vel
1725 2394 1965 2451 flexuosa.
2052 2400 2338 2452 Bracteae
2380 2397 2631 2454 coriaeeae

477 2483 695 2539 breviter
729 2483 1070 2559 pedicellatae
1084 2521 1102 2551 ,
1138 2480 1740 2550 rhombeo-rotundatae,
1773 2484 2048 2554 flexuosae,
2074 2504 2227 2560 supra
2250 2486 2459 2561 glabrae
2486 2495 2623 2541 atro-

472 2573 642 2629 fuscae
703 2572 894 2646 pallide
944 2571 1297 2644 marginatae,
1343 2590 1412 2625 an
1460 2571 1645 2626 subtus
1690 2571 2024 2644 puber-ulae?
2056 2575 2361 2632 Autherae
2425 2575 2627 2635 sordide

478 2659 647 2716 fuscae
671 2660 792 2731 (see.
819 2677 894 2732 sp.
925 2656 1173 2713 Wallicb.
1201 2657 1325 2712 List.
1356 2661 1502 2711 6659
1532 2662 1592 2714 Β.
1620 2676 1649 2712 e
1676 2657 1845 2725 Sillet,
1876 2664 2022 2714 6652
2052 2665 2111 2718 B.
2141 2661 2294 2734 ibid.)

546 2752 712 2821 Spec.
773 2747 1065 2822 incompl.
1124 2745 1232 2801 Hb.
1285 2744 1500 2800 Willd.
1546 2764 1578 2799 a
1625 2759 1935 2800 tuumne
1988 2748 2205 2803 missum
2252 2747 2405 2807 folia
2451 2748 2621 2806 cbfert

464 2837 1035 2905 =11—-noveno·nervia,
1079 2843 1395 2891 amentum
1437 2832 1685 2907 virginale
1713 2838 1784 2903 2}
1817 2843 1950 2892 cent.
1982 2834 2229 2909 longum,
2265 2837 2621 2915 pedunculo

471 2930 508 2981 3
543 2935 675 2982 cent.
704 2934 1015 2982 sustentum.
1085 2922 1419 2979 Probabiliter
1453 2931 1630 2976 tamen
1661 2919 1766 2976 buc
1795 2923 2033 2995 pertinet.

545 3017 712 3087 Spec.
771 3013 1013 3069 cultum
1056 3011 1234 3066 Horti
1278 3009 1463 3065 berol.
1507 3009 1853 3064 verisimiliter
1897 3010 2003 3067 buc
2048 3013 2402 3084 mser-endum,
2455 3013 2615 3076 folia

464 3101 597 3175 gerit
628 3101 791 3176 magis
820 3100 1233 3166 membranacea,
1267 3096 1449 3154 subtus
1474 3097 1530 3153 iu
1562 3097 1755 3168 nervis,
1781 3099 1995 3158 ramulis
2017 3100 2313 3181 petiolisque
2340 3102 2610 3178 puber-ula.

541 3453 664 3508 Sirii
692 3450 909 3516 folium,
948 3460 1180 3506 numne
1212 3455 1374 3513 teste,
1412 3445 1471 3500 in
1504 3443 1670 3505 hortis
1697 3443 1943 3502 Indorum
1974 3465 2077 3503 non
2107 3448 2399 3507 adar-bores
2425 3450 2514 3507 sed
2540 3451 2608 3510 ad

471 3535 611 3610 palos
656 3534 942 3602 adscendit,
981 3531 1253 3588 brachium
1283 3548 1502 3599 crassos,
1535 3535 1716 3586 8--10
1745 3532 1891 3606 pedes
1920 3533 2079 3603 altos,
2115 3546 2342 3592 recenter
2370 3557 2531 3595 camos
2553 3548 2610 3596 et

468 3622 743 3700 aliquando
772 3621 1123 3676 revirescentes
1138 3658 1156 3685 ,
1192 3628 1255 3673 ut
1284 3617 1535 3673 radiculae
1550 3656 1568 3685 ,
1593 3637 1621 3671 e
1652 3618 1802 3673 Sirii
1834 3619 1978 3676 nodis
2007 3632 2269 3695 protrusae
2294 3627 2472 3683 cortici
2499 3648 2604 3685 sese

463 3712 676 3785 infigere
703 3717 912 3785 queant.
963 3708 1106 3765 Folia
1134 3706 1369 3762 inferiora
1396 3712 1541 3766 5-6
1573 3706 1695 3782 poll.
1727 3707 1906 3781 longa,
1931 3729 2148 3784 superne
2172 3715 2379 3787 glabra,
2411 3733 2600 3790 parum

463 3798 801 3873 splendentia,
846 3795 1026 3851 subtus
1065 3799 1101 3850 5
1130 3795 1297 3850 nervis
1320 3803 1579 3868 pertexta,
1615 3795 1831 3868 exceptis
1859 3794 1993 3852 binis
2017 3796 2348 3872 basilaribus3
2381 3803 2596 3857 illorum

461 3889 565 3945 duo
591 3886 693 3941 scre
722 3884 787 3939 ad
813 3883 959 3938 basin
976 3922 994 3952 ,
1029 3882 1229 3958 duoque
1256 3881 1432 3957 paullo
1461 3900 1611 3955 supra
1638 3881 1782 3937 basin
1813 3882 2090 3954 oriuntur3
2128 3907 2232 3967 quo
2259 3890 2507 3946 remotius
2535 3890 2593 3945 id

462 3998 493 4034 a
540 3976 649 4032 basi
694 3974 944 4039 obtineat,
978 3989 1035 4025 eo
1063 3967 1271 4024 meliora
1302 3967 1424 4022 haec
1457 3967 1583 4023 folia
1614 3979 1896 4027 censentur.
1967 3971 2021 4026 Si
2054 3973 2170 4028 solis
2199 3973 2356 4029 radiis
2384 3975 2483 4029 rite
2509 3992 2592 4031 ex-

459 4066 625 4141 posita
668 4073 743 4119 est
785 4061 999 4135 planta,
1047 4056 1169 4111 folia
1216 4055 1411 4129 profert
1453 4054 1629 4109 viridi-
1631 4056 1986 4124 flavescentia,
2023 4056 2286 4127 breviora,
2324 4060 2483 4138 magis
2513 4078 2592 4116 ro-

456 4155 647 4224 tunda,
691 4150 945 4217 firmiora,
982 4146 1118 4200 inter
1152 4141 1526 4200 masticandum
1558 4143 1889 4216 crepitantia,
1916 4146 2103 4218 saporis
2124 4147 2356 4216 acrioris,
2389 4147 2595 4221 petiolis

454 4241 596 4298 fusce
635 4239 875 4307 lineatis,
923 4234 966 4290 si
1012 4231 1265 4289 umbrosis
1292 4230 1413 4285 locis
1439 4241 1774 4304 generantur,
1805 4230 1936 4290 folia
1962 4244 2085 4289 sunt
2115 4234 2374 4310 longiora,
2413 4236 2586 4295 flacei-

453 4330 594 4386 diora
611 4365 631 4399 ,
662 4330 793 4386 laete
823 4344 944 4383 cum
972 4321 1175 4399 petiolis
1202 4318 1416 4376 virentia
1443 4328 1497 4374 et
1526 4320 1701 4375 minus
1732 4320 1886 4377 acria.
1955 4343 1958 4346 ·
