<?xml version="1.0" encoding="UTF-8"?>
<!DOCTYPE html PUBLIC "-//W3C//DTD XHTML 1.0 Transitional//EN"
    "http://www.w3.org/TR/xhtml1/DTD/xhtml1-transitional.dtd">
<html xmlns="http://www.w3.org/1999/xhtml" xml:lang="en" lang="en">
 <head>
  <title>
</title>
<meta http-equiv="Content-Type" content="text/html;charset=utf-8" />
  <meta name='ocr-system' content='tesseract 3.04.00' />
  <meta name='ocr-capabilities' content='ocr_page ocr_carea ocr_par ocr_line ocrx_word'/>
</head>
<body>
  <div class='ocr_page' id='page_1' title='image "./systemapiperace00migugoog_0013.png"; bbox 0 0 3153 5134; ppageno 0'>
   <div class='ocr_carea' id='block_1_1' title="bbox 2431 361 2505 402">
    <p class='ocr_par' dir='ltr' id='par_1_1' title="bbox 2431 361 2505 402">
     <span class='ocr_line' id='line_1_1' title="bbox 2431 361 2505 402; baseline 0 -1"><span class='ocrx_word' id='word_1_1' title='bbox 2431 361 2505 402; x_wconf 83' lang='lat'><strong><em>111</em></strong></span> 
     </span>
    </p>
   </div>
   <div class='ocr_carea' id='block_1_2' title="bbox 370 545 2602 4357">
    <p class='ocr_par' dir='ltr' id='par_1_2' title="bbox 370 545 2519 2191">
     <span class='ocr_line' id='line_1_2' title="bbox 377 545 2504 635; baseline -0 -21"><span class='ocrx_word' id='word_1_2' title='bbox 377 548 853 635; x_wconf 75' lang='lat' dir='ltr'><strong><em>quaesiveram.</em></strong></span> <span class='ocrx_word' id='word_1_3' title='bbox 945 547 1170 635; x_wconf 82' lang='lat' dir='ltr'><strong><em>Hujus</em></strong></span> <span class='ocrx_word' id='word_1_4' title='bbox 1219 546 1523 611; x_wconf 75' lang='lat' dir='ltr'><strong><em>thesauri</em></strong></span> <span class='ocrx_word' id='word_1_5' title='bbox 1556 545 1936 611; x_wconf 81' lang='lat' dir='ltr'><strong><em>inveniendi</em></strong></span> <span class='ocrx_word' id='word_1_6' title='bbox 1972 568 2139 611; x_wconf 86' lang='lat' dir='ltr'><strong><em>cura</em></strong></span> <span class='ocrx_word' id='word_1_7' title='bbox 2169 548 2504 613; x_wconf 86' lang='lat' dir='ltr'><strong><em>intentum</em></strong></span> 
     </span>
     <span class='ocr_line' id='line_1_3' title="bbox 381 667 2494 754; baseline -0 -21"><span class='ocrx_word' id='word_1_8' title='bbox 381 670 705 733; x_wconf 84' lang='lat' dir='ltr'><strong><em>benevolis</em></strong></span> <span class='ocrx_word' id='word_1_9' title='bbox 740 668 995 733; x_wconf 52' lang='lat' dir='ltr'><strong><em>litter&amp;</em></strong></span> <span class='ocrx_word' id='word_1_10' title='bbox 1029 669 1378 732; x_wconf 78' lang='lat' dir='ltr'><strong><em>certiorem</em></strong></span> <span class='ocrx_word' id='word_1_11' title='bbox 1393 667 1573 754; x_wconf 86' lang='lat' dir='ltr'><strong><em>fecit</em></strong></span> <span class='ocrx_word' id='word_1_12' title='bbox 1603 668 2190 732; x_wconf 82' lang='lat' dir='ltr'><strong><em>nobilissimus</em></strong></span> <span class='ocrx_word' id='word_1_13' title='bbox 2224 668 2381 732; x_wconf 69' lang='lat' dir='ltr'><strong><em>Nm</em></strong></span> <span class='ocrx_word' id='word_1_14' title='bbox 2415 690 2494 732; x_wconf 74' lang='lat' dir='ltr'><strong><em>AB</em></strong></span> 
     </span>
     <span class='ocr_line' id='line_1_4' title="bbox 377 787 2504 878; baseline -0.001 -25"><span class='ocrx_word' id='word_1_15' title='bbox 377 790 697 873; x_wconf 74' lang='lat' dir='ltr'><strong><em>Esmmmx</em></strong></span> <span class='ocrx_word' id='word_1_16' title='bbox 711 838 729 868; x_wconf 94' lang='lat'><strong><em>,</em></strong></span> <span class='ocrx_word' id='word_1_17' title='bbox 757 791 1270 878; x_wconf 80' lang='lat' dir='ltr'><strong><em>generosissime</em></strong></span> <span class='ocrx_word' id='word_1_18' title='bbox 1303 801 1379 853; x_wconf 87' lang='lat' dir='ltr'><strong><em>ut</em></strong></span> <span class='ocrx_word' id='word_1_19' title='bbox 1407 789 1601 866; x_wconf 80' lang='lat' dir='ltr'><strong><em>solet,</em></strong></span> <span class='ocrx_word' id='word_1_20' title='bbox 1639 811 1859 852; x_wconf 88' lang='lat' dir='ltr'><strong><em>omnes</em></strong></span> <span class='ocrx_word' id='word_1_21' title='bbox 1878 788 2279 874; x_wconf 84' lang='lat' dir='ltr'><strong><em>Piperaceas</em></strong></span> <span class='ocrx_word' id='word_1_22' title='bbox 2308 787 2410 854; x_wconf 89' lang='lat' dir='ltr'><em>W</em></span> <span class='ocrx_word' id='word_1_23' title='bbox 2400 788 2504 852; x_wconf 84' lang='lat' dir='ltr'><strong><em>al-</em></strong></span> 
     </span>
     <span class='ocr_line' id='line_1_5' title="bbox 379 900 2506 996; baseline -0 -25"><span class='ocrx_word' id='word_1_24' title='bbox 379 900 748 988; x_wconf 70' lang='lat' dir='ltr'><strong><em>licliianas,</em></strong></span> <span class='ocrx_word' id='word_1_25' title='bbox 796 932 840 972; x_wconf 89' lang='lat' dir='ltr'><strong><em>a</em></strong></span> <span class='ocrx_word' id='word_1_26' title='bbox 887 906 1212 977; x_wconf 86' lang='lat' dir='ltr'><strong><em>Societate</em></strong></span> <span class='ocrx_word' id='word_1_27' title='bbox 1261 907 1765 996; x_wconf 75' lang='lat' dir='ltr'><strong><em>Anglo-Indica</em></strong></span> <span class='ocrx_word' id='word_1_28' title='bbox 1801 908 1937 971; x_wconf 88' lang='lat' dir='ltr'><strong><em>sibi</em></strong></span> <span class='ocrx_word' id='word_1_29' title='bbox 1971 919 2046 971; x_wconf 89' lang='lat' dir='ltr'><strong><em>ut</em></strong></span> <span class='ocrx_word' id='word_1_30' title='bbox 2080 906 2506 983; x_wconf 68' lang='lat' dir='ltr'><strong><em>describeret,</em></strong></span> 
     </span>
     <span class='ocr_line' id='line_1_6' title="bbox 376 1025 2512 1112; baseline -0.002 -20"><span class='ocrx_word' id='word_1_31' title='bbox 376 1030 493 1092; x_wconf 68' lang='lat' dir='ltr'><strong><em>vel&#39;</em></strong></span> <span class='ocrx_word' id='word_1_32' title='bbox 519 1028 975 1093; x_wconf 86' lang='lat' dir='ltr'><strong><em>describendas</em></strong></span> <span class='ocrx_word' id='word_1_33' title='bbox 1006 1040 1275 1092; x_wconf 75' lang='lat' dir='ltr'><strong><em>curaret</em></strong></span> <span class='ocrx_word' id='word_1_34' title='bbox 1312 1027 1646 1105; x_wconf 88' lang='lat' dir='ltr'><strong><em>traditas,</em></strong></span> <span class='ocrx_word' id='word_1_35' title='bbox 1695 1028 1873 1091; x_wconf 73' lang='lat' dir='ltr'><strong><em>mihi</em></strong></span> <span class='ocrx_word' id='word_1_36' title='bbox 1905 1025 2164 1104; x_wconf 87' lang='lat' dir='ltr'><strong><em>cedens,</em></strong></span> <span class='ocrx_word' id='word_1_37' title='bbox 2211 1026 2512 1112; x_wconf 78' lang='lat' dir='ltr'><strong><em>mihique</em></strong></span> 
     </span>
     <span class='ocr_line' id='line_1_7' title="bbox 375 1144 2519 1233; baseline -0.001 -22"><span class='ocrx_word' id='word_1_38' title='bbox 375 1149 507 1212; x_wconf 83' lang='lat' dir='ltr'><strong><em>soli</em></strong></span> <span class='ocrx_word' id='word_1_39' title='bbox 567 1151 814 1214; x_wconf 77' lang='lat' dir='ltr'><strong><em>harum</em></strong></span> <span class='ocrx_word' id='word_1_40' title='bbox 880 1146 1464 1214; x_wconf 86' lang='lat' dir='ltr'><strong><em>describendarum</em></strong></span> <span class='ocrx_word' id='word_1_41' title='bbox 1530 1169 1766 1210; x_wconf 88' lang='lat' dir='ltr'><strong><em>curam</em></strong></span> <span class='ocrx_word' id='word_1_42' title='bbox 1818 1147 2219 1231; x_wconf 84' lang='lat' dir='ltr'><strong><em>relinquens.</em></strong></span> <span class='ocrx_word' id='word_1_43' title='bbox 2331 1144 2519 1233; x_wconf 81' lang='lat' dir='ltr'><strong><em>Quid</em></strong></span> 
     </span>
     <span class='ocr_line' id='line_1_8' title="bbox 376 1264 2514 1360; baseline -0.003 -26"><span class='ocrx_word' id='word_1_44' title='bbox 376 1282 598 1334; x_wconf 86' lang='lat' dir='ltr'><strong><em>autem</em></strong></span> <span class='ocrx_word' id='word_1_45' title='bbox 620 1274 906 1360; x_wconf 79' lang='lat' dir='ltr'><strong><em>gratius</em></strong></span> <span class='ocrx_word' id='word_1_46' title='bbox 938 1281 1058 1333; x_wconf 89' lang='lat' dir='ltr'><strong><em>aut</em></strong></span> <span class='ocrx_word' id='word_1_47' title='bbox 1093 1266 1263 1354; x_wconf 89' lang='lat' dir='ltr'><strong><em>quid</em></strong></span> <span class='ocrx_word' id='word_1_48' title='bbox 1285 1270 1661 1353; x_wconf 71' lang='lat' dir='ltr'><strong><em>exoptatius</em></strong></span> <span class='ocrx_word' id='word_1_49' title='bbox 1689 1267 1868 1331; x_wconf 78' lang='lat' dir='ltr'><strong><em>mibi</em></strong></span> <span class='ocrx_word' id='word_1_50' title='bbox 1895 1288 2191 1352; x_wconf 86' lang='lat' dir='ltr'><strong><em>unquam</em></strong></span> <span class='ocrx_word' id='word_1_51' title='bbox 2224 1264 2514 1329; x_wconf 89' lang='lat' dir='ltr'><strong><em>accidere</em></strong></span> 
     </span>
     <span class='ocr_line' id='line_1_9' title="bbox 370 1387 2509 1476; baseline -0.002 -23"><span class='ocrx_word' id='word_1_52' title='bbox 370 1392 697 1476; x_wconf 88' lang='lat' dir='ltr'><strong><em>potuisset</em></strong></span> <span class='ocrx_word' id='word_1_53' title='bbox 714 1393 749 1452; x_wconf 77' lang='grc' dir='ltr'><em>Ρ</em></span> <span class='ocrx_word' id='word_1_54' title='bbox 816 1390 1064 1452; x_wconf 89' lang='lat' dir='ltr'><strong><em>Laetus</em></strong></span> <span class='ocrx_word' id='word_1_55' title='bbox 1099 1399 1160 1451; x_wconf 91' lang='lat' dir='ltr'><strong><em>et</em></strong></span> <span class='ocrx_word' id='word_1_56' title='bbox 1195 1399 1385 1450; x_wconf 85' lang='lat' dir='ltr'><strong><em>tanto</em></strong></span> <span class='ocrx_word' id='word_1_57' title='bbox 1420 1387 1663 1451; x_wconf 80' lang='lat' dir='ltr'><strong><em>laetior</em></strong></span> <span class='ocrx_word' id='word_1_58' title='bbox 1697 1388 1869 1450; x_wconf 77' lang='lat' dir='ltr'><strong><em>hunc</em></strong></span> <span class='ocrx_word' id='word_1_59' title='bbox 1900 1389 2220 1450; x_wconf 86' lang='lat' dir='ltr'><strong><em>nuntium</em></strong></span> <span class='ocrx_word' id='word_1_60' title='bbox 2259 1388 2476 1470; x_wconf 86' lang='lat' dir='ltr'><strong><em>accepi</em></strong></span> <span class='ocrx_word' id='word_1_61' title='bbox 2493 1435 2509 1463; x_wconf 95' lang='lat'><strong><em>,</em></strong></span> 
     </span>
     <span class='ocr_line' id='line_1_10' title="bbox 375 1504 2512 1594; baseline -0.002 -22"><span class='ocrx_word' id='word_1_62' title='bbox 375 1521 624 1594; x_wconf 87' lang='lat' dir='ltr'><strong><em>quanto</em></strong></span> <span class='ocrx_word' id='word_1_63' title='bbox 656 1511 881 1594; x_wconf 81' lang='lat' dir='ltr'><strong><em>major</em></strong></span> <span class='ocrx_word' id='word_1_64' title='bbox 907 1519 1003 1570; x_wconf 85' lang='lat' dir='ltr'><strong><em>est</em></strong></span> <span class='ocrx_word' id='word_1_65' title='bbox 1020 1510 1264 1591; x_wconf 90' lang='lat' dir='ltr'><strong><em>optimi</em></strong></span> <span class='ocrx_word' id='word_1_66' title='bbox 1278 1510 1419 1570; x_wconf 89' lang='lat' dir='ltr'><strong><em>viri</em></strong></span> <span class='ocrx_word' id='word_1_67' title='bbox 1446 1506 1631 1591; x_wconf 90' lang='lat' dir='ltr'><strong><em>apud</em></strong></span> <span class='ocrx_word' id='word_1_68' title='bbox 1642 1530 1744 1569; x_wconf 89' lang='lat' dir='ltr'><strong><em>me</em></strong></span> <span class='ocrx_word' id='word_1_69' title='bbox 1770 1509 2206 1572; x_wconf 70' lang='lat' dir='ltr'><strong><em>existimatio,</em></strong></span> <span class='ocrx_word' id='word_1_70' title='bbox 2256 1504 2512 1594; x_wconf 81' lang='lat' dir='ltr'><strong><em>Quodsi</em></strong></span> 
     </span>
     <span class='ocr_line' id='line_1_11' title="bbox 376 1623 2506 1709; baseline -0.001 -18"><span class='ocrx_word' id='word_1_71' title='bbox 376 1632 601 1691; x_wconf 80' lang='lat' dir='ltr'><strong><em>autem</em></strong></span> <span class='ocrx_word' id='word_1_72' title='bbox 632 1628 738 1689; x_wconf 90' lang='lat' dir='ltr'><strong><em>ita</em></strong></span> <span class='ocrx_word' id='word_1_73' title='bbox 770 1623 1090 1689; x_wconf 88' lang='lat' dir='ltr'><strong><em>Societati</em></strong></span> <span class='ocrx_word' id='word_1_74' title='bbox 1120 1648 1164 1688; x_wconf 91' lang='lat' dir='ltr'><strong><em>a</em></strong></span> <span class='ocrx_word' id='word_1_75' title='bbox 1199 1625 1423 1687; x_wconf 69' lang='lat' dir='ltr'><strong><em>Nnnsm</em></strong></span> <span class='ocrx_word' id='word_1_76' title='bbox 1444 1624 1606 1687; x_wconf 90' lang='lat' dir='ltr'><strong><em>data</em></strong></span> <span class='ocrx_word' id='word_1_77' title='bbox 1618 1624 1977 1709; x_wconf 81' lang='lat' dir='ltr'><strong><em>fidesame</em></strong></span> <span class='ocrx_word' id='word_1_78' title='bbox 1992 1646 2167 1687; x_wconf 89' lang='lat' dir='ltr'><strong><em>nunc</em></strong></span> <span class='ocrx_word' id='word_1_79' title='bbox 2184 1625 2506 1701; x_wconf 84' lang='lat' dir='ltr'><strong><em>solvitur,</em></strong></span> 
     </span>
     <span class='ocr_line' id='line_1_12' title="bbox 379 1740 2515 1830; baseline 0 -23"><span class='ocrx_word' id='word_1_80' title='bbox 379 1745 459 1807; x_wconf 90' lang='lat' dir='ltr'><strong><em>id</em></strong></span> <span class='ocrx_word' id='word_1_81' title='bbox 502 1767 711 1808; x_wconf 88' lang='lat' dir='ltr'><strong><em>unum</em></strong></span> <span class='ocrx_word' id='word_1_82' title='bbox 755 1745 1052 1808; x_wconf 71' lang='lat' dir='ltr'><strong><em>maxime</em></strong></span> <span class='ocrx_word' id='word_1_83' title='bbox 1103 1740 1485 1820; x_wconf 83' lang='lat' dir='ltr'><strong><em>dolendum,</em></strong></span> <span class='ocrx_word' id='word_1_84' title='bbox 1541 1766 1583 1806; x_wconf 91' lang='lat' dir='ltr'><strong><em>a</em></strong></span> <span class='ocrx_word' id='word_1_85' title='bbox 1621 1764 1720 1806; x_wconf 90' lang='lat' dir='ltr'><strong><em>me</em></strong></span> <span class='ocrx_word' id='word_1_86' title='bbox 1744 1742 1982 1830; x_wconf 83' lang='lat' dir='ltr'><strong><em>perfici</em></strong></span> <span class='ocrx_word' id='word_1_87' title='bbox 2002 1792 2019 1822; x_wconf 92' lang='lat'><strong><em>,</em></strong></span> <span class='ocrx_word' id='word_1_88' title='bbox 2049 1742 2227 1827; x_wconf 88' lang='lat' dir='ltr'><strong><em>quod</em></strong></span> <span class='ocrx_word' id='word_1_89' title='bbox 2250 1766 2291 1807; x_wconf 92' lang='lat' dir='ltr'><strong><em>a</em></strong></span> <span class='ocrx_word' id='word_1_90' title='bbox 2325 1754 2515 1808; x_wconf 92' lang='lat' dir='ltr'><strong><em>tanto</em></strong></span> 
     </span>
     <span class='ocr_line' id='line_1_13' title="bbox 379 1861 2513 1951; baseline 0 -24"><span class='ocrx_word' id='word_1_91' title='bbox 379 1867 526 1927; x_wconf 89' lang='lat' dir='ltr'><strong><em>viro</em></strong></span> <span class='ocrx_word' id='word_1_92' title='bbox 583 1866 703 1948; x_wconf 87' lang='lat' dir='ltr'><strong><em>qui</em></strong></span> <span class='ocrx_word' id='word_1_93' title='bbox 752 1861 1070 1928; x_wconf 88' lang='lat' dir='ltr'><strong><em>miranda</em></strong></span> <span class='ocrx_word' id='word_1_94' title='bbox 1121 1865 1389 1951; x_wconf 74' lang='lat' dir='ltr'><strong><em>ingenii</em></strong></span> <span class='ocrx_word' id='word_1_95' title='bbox 1436 1866 1575 1927; x_wconf 88' lang='lat' dir='ltr'><strong><em>acie</em></strong></span> <span class='ocrx_word' id='word_1_96' title='bbox 1605 1875 1667 1927; x_wconf 90' lang='lat' dir='ltr'><strong><em>et</em></strong></span> <span class='ocrx_word' id='word_1_97' title='bbox 1700 1886 1865 1928; x_wconf 87' lang='lat' dir='ltr'><strong><em>cura</em></strong></span> <span class='ocrx_word' id='word_1_98' title='bbox 1897 1867 2125 1928; x_wconf 89' lang='lat' dir='ltr'><strong><em>omnia</em></strong></span> <span class='ocrx_word' id='word_1_99' title='bbox 2165 1863 2513 1929; x_wconf 88' lang='lat' dir='ltr'><strong><em>Botanices</em></strong></span> 
     </span>
     <span class='ocr_line' id='line_1_14' title="bbox 377 1983 2510 2072; baseline 0 -24"><span class='ocrx_word' id='word_1_100' title='bbox 377 1986 603 2070; x_wconf 90' lang='lat' dir='ltr'><strong><em>capita</em></strong></span> <span class='ocrx_word' id='word_1_101' title='bbox 638 1995 948 2071; x_wconf 89' lang='lat' dir='ltr'><strong><em>penetrat</em></strong></span> <span class='ocrx_word' id='word_1_102' title='bbox 1001 1996 1062 2047; x_wconf 90' lang='lat' dir='ltr'><strong><em>et</em></strong></span> <span class='ocrx_word' id='word_1_103' title='bbox 1113 2006 1280 2046; x_wconf 87' lang='lat' dir='ltr'><strong><em>nova</em></strong></span> <span class='ocrx_word' id='word_1_104' title='bbox 1335 1984 1472 2046; x_wconf 81' lang='lat' dir='ltr'><strong><em>luce</em></strong></span> <span class='ocrx_word' id='word_1_105' title='bbox 1503 1983 1821 2048; x_wconf 81' lang='lat' dir='ltr'><strong><em>illustrat</em></strong></span> <span class='ocrx_word' id='word_1_106' title='bbox 1839 2034 1854 2063; x_wconf 92' lang='lat'><strong><em>,</em></strong></span> <span class='ocrx_word' id='word_1_107' title='bbox 1904 1986 2146 2048; x_wconf 82' lang='lat' dir='ltr'><strong><em>melius</em></strong></span> <span class='ocrx_word' id='word_1_108' title='bbox 2175 2008 2334 2050; x_wconf 87' lang='lat' dir='ltr'><strong><em>sane</em></strong></span> <span class='ocrx_word' id='word_1_109' title='bbox 2355 2008 2510 2072; x_wconf 84' lang='lat' dir='ltr'><strong><em>per·</em></strong></span> 
     </span>
     <span class='ocr_line' id='line_1_15' title="bbox 379 2103 904 2191; baseline 0 -23"><span class='ocrx_word' id='word_1_110' title='bbox 379 2115 602 2168; x_wconf 89' lang='lat' dir='ltr'><strong><em>actum</em></strong></span> <span class='ocrx_word' id='word_1_111' title='bbox 623 2103 904 2191; x_wconf 88' lang='lat' dir='ltr'><strong><em>fuisset.</em></strong></span> 
     </span>
    </p>

    <p class='ocr_par' dir='ltr' id='par_1_3' title="bbox 375 2222 2514 2674">
     <span class='ocr_line' id='line_1_16' title="bbox 475 2222 2514 2310; baseline 0 -22"><span class='ocrx_word' id='word_1_112' title='bbox 475 2224 664 2310; x_wconf 84' lang='lat' dir='ltr'><strong><em>Quas</em></strong></span> <span class='ocrx_word' id='word_1_113' title='bbox 715 2222 1007 2287; x_wconf 74' lang='lat' dir='ltr'><strong><em>Bumnus</em></strong></span> <span class='ocrx_word' id='word_1_114' title='bbox 1055 2222 1221 2286; x_wconf 80' lang='lat' dir='ltr'><strong><em>olim</em></strong></span> <span class='ocrx_word' id='word_1_115' title='bbox 1270 2226 1346 2285; x_wconf 88' lang='lat' dir='ltr'><strong><em>in</em></strong></span> <span class='ocrx_word' id='word_1_116' title='bbox 1395 2222 1572 2288; x_wconf 88' lang='lat' dir='ltr'><strong><em>Java</em></strong></span> <span class='ocrx_word' id='word_1_117' title='bbox 1623 2227 1992 2310; x_wconf 70' lang='lat' dir='ltr'><strong><em>vicinisque</em></strong></span> <span class='ocrx_word' id='word_1_118' title='bbox 2020 2226 2278 2288; x_wconf 83' lang='lat' dir='ltr'><strong><em>insulis</em></strong></span> <span class='ocrx_word' id='word_1_119' title='bbox 2313 2226 2514 2291; x_wconf 86' lang='lat' dir='ltr'><strong><em>lectas</em></strong></span> 
     </span>
     <span class='ocr_line' id='line_1_17' title="bbox 375 2333 2511 2431; baseline 0.002 -25"><span class='ocrx_word' id='word_1_120' title='bbox 375 2343 816 2431; x_wconf 69' lang='lat' dir='ltr'><strong><em>descripserat</em></strong></span> <span class='ocrx_word' id='word_1_121' title='bbox 881 2343 1408 2429; x_wconf 87' lang='lat' dir='ltr'><strong><em>Piperacearum</em></strong></span> <span class='ocrx_word' id='word_1_122' title='bbox 1473 2346 1716 2428; x_wconf 84' lang='lat' dir='ltr'><strong><em>species</em></strong></span> <span class='ocrx_word' id='word_1_123' title='bbox 1735 2333 1766 2422; x_wconf 59' lang='grc'><strong><em>,’</em></strong></span> <span class='ocrx_word' id='word_1_124' title='bbox 1819 2366 2039 2408; x_wconf 90' lang='lat' dir='ltr'><strong><em>omnes</em></strong></span> <span class='ocrx_word' id='word_1_125' title='bbox 2106 2343 2315 2409; x_wconf 89' lang='lat' dir='ltr'><strong><em>denuo</em></strong></span> <span class='ocrx_word' id='word_1_126' title='bbox 2359 2367 2511 2411; x_wconf 69' lang='lat' dir='ltr'><strong><em>exa-</em></strong></span> 
     </span>
     <span class='ocr_line' id='line_1_18' title="bbox 383 2463 2512 2545; baseline 0.001 -17"><span class='ocrx_word' id='word_1_127' title='bbox 383 2463 695 2529; x_wconf 90' lang='lat' dir='ltr'><strong><em>minandi</em></strong></span> <span class='ocrx_word' id='word_1_128' title='bbox 747 2466 1144 2528; x_wconf 78' lang='lat' dir='ltr'><strong><em>occasionem</em></strong></span> <span class='ocrx_word' id='word_1_129' title='bbox 1194 2463 1440 2544; x_wconf 83' lang='lat' dir='ltr'><strong><em>obtulit</em></strong></span> <span class='ocrx_word' id='word_1_130' title='bbox 1485 2467 1598 2527; x_wconf 93' lang='lat' dir='ltr'><strong><em>vir</em></strong></span> <span class='ocrx_word' id='word_1_131' title='bbox 1651 2464 1826 2528; x_wconf 73' lang='lat' dir='ltr'><strong><em>mihi</em></strong></span> <span class='ocrx_word' id='word_1_132' title='bbox 1860 2467 2320 2530; x_wconf 88' lang='lat' dir='ltr'><strong><em>amicissimus</em></strong></span> <span class='ocrx_word' id='word_1_133' title='bbox 2336 2516 2353 2545; x_wconf 93' lang='lat'><strong><em>,</em></strong></span> <span class='ocrx_word' id='word_1_134' title='bbox 2400 2470 2512 2531; x_wconf 89' lang='lat' dir='ltr'><strong><em>cui</em></strong></span> 
     </span>
     <span class='ocr_line' id='line_1_19' title="bbox 381 2583 2398 2674; baseline 0.002 -27"><span class='ocrx_word' id='word_1_135' title='bbox 381 2583 671 2650; x_wconf 78' lang='lat' dir='ltr'><strong><em>debitam</em></strong></span> <span class='ocrx_word' id='word_1_136' title='bbox 695 2583 1203 2674; x_wconf 78' lang='lat' dir='ltr'><strong><em>gratitudinem</em></strong></span> <span class='ocrx_word' id='word_1_137' title='bbox 1229 2584 1496 2670; x_wconf 84' lang='lat' dir='ltr'><strong><em>publice</em></strong></span> <span class='ocrx_word' id='word_1_138' title='bbox 1528 2584 1877 2670; x_wconf 82' lang='lat' dir='ltr'><strong><em>rependere</em></strong></span> <span class='ocrx_word' id='word_1_139' title='bbox 1909 2607 2038 2648; x_wconf 91' lang='lat' dir='ltr'><strong><em>non</em></strong></span> <span class='ocrx_word' id='word_1_140' title='bbox 2075 2584 2398 2652; x_wconf 81' lang='lat' dir='ltr'><strong><em>desinam.</em></strong></span> 
     </span>
    </p>

    <p class='ocr_par' dir='ltr' id='par_1_4' title="bbox 377 2703 2513 3388">
     <span class='ocr_line' id='line_1_20' title="bbox 473 2703 2510 2776; baseline -0.001 -5"><span class='ocrx_word' id='word_1_141' title='bbox 473 2705 643 2772; x_wconf 84' lang='lat' dir='ltr'><strong><em>Alia</em></strong></span> <span class='ocrx_word' id='word_1_142' title='bbox 690 2706 863 2770; x_wconf 83' lang='lat' dir='ltr'><strong><em>aliis</em></strong></span> <span class='ocrx_word' id='word_1_143' title='bbox 915 2704 1131 2769; x_wconf 76' lang='lat' dir='ltr'><strong><em>adhuc</em></strong></span> <span class='ocrx_word' id='word_1_144' title='bbox 1181 2703 1383 2768; x_wconf 80' lang='lat' dir='ltr'><strong><em>debeo.</em></strong></span> <span class='ocrx_word' id='word_1_145' title='bbox 1481 2704 1556 2770; x_wconf 92' lang='lat' dir='ltr'><em>V</em></span> <span class='ocrx_word' id='word_1_146' title='bbox 1551 2707 1823 2768; x_wconf 87' lang='lat' dir='ltr'><strong><em>ivarum</em></strong></span> <span class='ocrx_word' id='word_1_147' title='bbox 1856 2709 2155 2776; x_wconf 82' lang='lat' dir='ltr'><strong><em>omnium</em></strong></span> <span class='ocrx_word' id='word_1_148' title='bbox 2189 2709 2263 2769; x_wconf 90' lang='lat' dir='ltr'><strong><em>in</em></strong></span> <span class='ocrx_word' id='word_1_149' title='bbox 2299 2707 2510 2771; x_wconf 82' lang='lat' dir='ltr'><strong><em>Horto</em></strong></span> 
     </span>
     <span class='ocr_line' id='line_1_21' title="bbox 379 2818 2509 2909; baseline 0 -19"><span class='ocrx_word' id='word_1_150' title='bbox 379 2818 806 2890; x_wconf 80' lang='lat' dir='ltr'><strong><em>Berolinensi</em></strong></span> <span class='ocrx_word' id='word_1_151' title='bbox 848 2824 1193 2888; x_wconf 71' lang='lat' dir='ltr'><strong><em>cultarum</em></strong></span> <span class='ocrx_word' id='word_1_152' title='bbox 1239 2824 1609 2909; x_wconf 88' lang='lat' dir='ltr'><strong><em>specimina</em></strong></span> <span class='ocrx_word' id='word_1_153' title='bbox 1660 2826 1858 2887; x_wconf 88' lang='lat' dir='ltr'><strong><em>misit</em></strong></span> <span class='ocrx_word' id='word_1_154' title='bbox 1909 2825 2007 2891; x_wconf 85' lang='lat' dir='ltr'><strong><em>Ct.</em></strong></span> <span class='ocrx_word' id='word_1_155' title='bbox 2044 2824 2254 2904; x_wconf 72' lang='grc' dir='ltr'>ΟΤΤο,</span> <span class='ocrx_word' id='word_1_156' title='bbox 2304 2826 2509 2891; x_wconf 83' lang='lat' dir='ltr'><strong><em>Horti</em></strong></span> 
     </span>
     <span class='ocr_line' id='line_1_22' title="bbox 378 2941 2509 3033; baseline 0.001 -24"><span class='ocrx_word' id='word_1_157' title='bbox 378 2946 716 3031; x_wconf 88' lang='lat' dir='ltr'><strong><em>Inspector</em></strong></span> <span class='ocrx_word' id='word_1_158' title='bbox 735 2994 752 3022; x_wconf 93' lang='lat'><strong><em>,</em></strong></span> <span class='ocrx_word' id='word_1_159' title='bbox 818 2942 911 3008; x_wconf 91' lang='lat' dir='ltr'><strong><em>ad</em></strong></span> <span class='ocrx_word' id='word_1_160' title='bbox 956 2946 1226 3029; x_wconf 81' lang='lat' dir='ltr'><strong><em>quaevis</em></strong></span> <span class='ocrx_word' id='word_1_161' title='bbox 1277 2943 1496 3033; x_wconf 88' lang='lat' dir='ltr'><strong><em>officia</em></strong></span> <span class='ocrx_word' id='word_1_162' title='bbox 1535 2941 1954 3028; x_wconf 88' lang='lat' dir='ltr'><strong><em>praestanda</em></strong></span> <span class='ocrx_word' id='word_1_163' title='bbox 1993 2947 2509 3029; x_wconf 85' lang='lat' dir='ltr'><strong><em>paratissimus.</em></strong></span> 
     </span>
     <span class='ocr_line' id='line_1_23' title="bbox 380 3063 2513 3151; baseline 0 -20"><span class='ocrx_word' id='word_1_164' title='bbox 380 3063 573 3132; x_wconf 88' lang='lat' dir='ltr'><strong><em>Sicca</em></strong></span> <span class='ocrx_word' id='word_1_165' title='bbox 624 3067 988 3151; x_wconf 88' lang='lat' dir='ltr'><strong><em>specimina</em></strong></span> <span class='ocrx_word' id='word_1_166' title='bbox 1039 3064 1521 3129; x_wconf 87' lang='lat' dir='ltr'><strong><em>Herbariorum</em></strong></span> <span class='ocrx_word' id='word_1_167' title='bbox 1557 3086 1835 3128; x_wconf 86' lang='lat' dir='ltr'><strong><em>suorum</em></strong></span> <span class='ocrx_word' id='word_1_168' title='bbox 1865 3068 2513 3132; x_wconf 85' lang='lat' dir='ltr'><strong><em>communicaverunt</em></strong></span> 
     </span>
     <span class='ocr_line' id='line_1_24' title="bbox 377 3183 2510 3272; baseline 0.001 -21"><span class='ocrx_word' id='word_1_169' title='bbox 377 3187 476 3256; x_wconf 86' lang='lat' dir='ltr'><strong><em>Ct.</em></strong></span> <span class='ocrx_word' id='word_1_170' title='bbox 511 3187 762 3263; x_wconf 74' lang='lat' dir='ltr'><strong><em>chxx,</em></strong></span> <span class='ocrx_word' id='word_1_171' title='bbox 783 3183 1283 3264; x_wconf 87' lang='lat' dir='ltr'><strong><em>Gandavensis,</em></strong></span> <span class='ocrx_word' id='word_1_172' title='bbox 1319 3185 1421 3251; x_wconf 86' lang='lat' dir='ltr'><strong><em>Ct.</em></strong></span> <span class='ocrx_word' id='word_1_173' title='bbox 1458 3186 1673 3251; x_wconf 66' lang='lat' dir='ltr'><strong><em>Kmtzn</em></strong></span> <span class='ocrx_word' id='word_1_174' title='bbox 1693 3237 1710 3265; x_wconf 92' lang='lat'><strong><em>,</em></strong></span> <span class='ocrx_word' id='word_1_175' title='bbox 1749 3186 2150 3272; x_wconf 84' lang='lat' dir='ltr'><strong><em>Lipsiensis,</em></strong></span> <span class='ocrx_word' id='word_1_176' title='bbox 2189 3187 2289 3255; x_wconf 85' lang='lat' dir='ltr'><strong><em>Ct.</em></strong></span> <span class='ocrx_word' id='word_1_177' title='bbox 2320 3189 2510 3254; x_wconf 65' lang='lat' dir='ltr'><strong><em>Muls-</em></strong></span> 
     </span>
     <span class='ocr_line' id='line_1_25' title="bbox 377 3305 2346 3388; baseline 0.002 -18"><span class='ocrx_word' id='word_1_178' title='bbox 377 3330 535 3387; x_wconf 74' lang='lat' dir='ltr'><strong><em>mm,</em></strong></span> <span class='ocrx_word' id='word_1_179' title='bbox 583 3305 1035 3384; x_wconf 70' lang='lat' dir='ltr'><strong><em>Bas-iliensis,</em></strong></span> <span class='ocrx_word' id='word_1_180' title='bbox 1084 3306 1182 3371; x_wconf 77' lang='lat' dir='ltr'><strong><em>CI.</em></strong></span> <span class='ocrx_word' id='word_1_181' title='bbox 1221 3327 1299 3370; x_wconf 76' lang='lat' dir='ltr'><strong><em>nn</em></strong></span> <span class='ocrx_word' id='word_1_182' title='bbox 1334 3306 1600 3388; x_wconf 69' lang='lat' dir='ltr'><strong><em>Vnmsn,</em></strong></span> <span class='ocrx_word' id='word_1_183' title='bbox 1649 3306 2346 3375; x_wconf 83' lang='lat' dir='ltr'><strong><em>Amstelaedamensis.</em></strong></span> 
     </span>
    </p>

    <p class='ocr_par' dir='ltr' id='par_1_5' title="bbox 379 3426 2602 4357">
     <span class='ocr_line' id='line_1_26' title="bbox 466 3426 2506 3515; baseline 0.003 -27"><span class='ocrx_word' id='word_1_184' title='bbox 466 3426 569 3489; x_wconf 86' lang='lat' dir='ltr'><strong><em>De</em></strong></span> <span class='ocrx_word' id='word_1_185' title='bbox 600 3448 786 3511; x_wconf 86' lang='lat' dir='ltr'><strong><em>opere</em></strong></span> <span class='ocrx_word' id='word_1_186' title='bbox 815 3429 963 3513; x_wconf 89' lang='lat' dir='ltr'><strong><em>ipso</em></strong></span> <span class='ocrx_word' id='word_1_187' title='bbox 995 3448 1160 3512; x_wconf 89' lang='lat' dir='ltr'><strong><em>quae</em></strong></span> <span class='ocrx_word' id='word_1_188' title='bbox 1180 3426 1399 3512; x_wconf 80' lang='lat' dir='ltr'><strong><em>plura</em></strong></span> <span class='ocrx_word' id='word_1_189' title='bbox 1416 3448 1918 3511; x_wconf 88' lang='lat' dir='ltr'><strong><em>praemoneam,</em></strong></span> <span class='ocrx_word' id='word_1_190' title='bbox 1955 3431 2069 3493; x_wconf 70' lang='lat' dir='ltr'><strong><em>via·</em></strong></span> <span class='ocrx_word' id='word_1_191' title='bbox 2092 3428 2322 3510; x_wconf 81' lang='lat' dir='ltr'><strong><em>habeo3</em></strong></span> <span class='ocrx_word' id='word_1_192' title='bbox 2348 3451 2506 3515; x_wconf 87' lang='lat' dir='ltr'><strong><em>quo-</em></strong></span> 
     </span>
     <span class='ocr_line' id='line_1_27' title="bbox 380 3542 2509 3640; baseline 0.004 -33"><span class='ocrx_word' id='word_1_193' title='bbox 380 3542 565 3608; x_wconf 89' lang='lat' dir='ltr'><strong><em>modo</em></strong></span> <span class='ocrx_word' id='word_1_194' title='bbox 626 3568 734 3608; x_wconf 87' lang='lat' dir='ltr'><strong><em>res</em></strong></span> <span class='ocrx_word' id='word_1_195' title='bbox 790 3545 967 3609; x_wconf 79' lang='lat' dir='ltr'><strong><em>mihi</em></strong></span> <span class='ocrx_word' id='word_1_196' title='bbox 1018 3544 1373 3610; x_wconf 89' lang='lat' dir='ltr'><strong><em>tractanda</em></strong></span> <span class='ocrx_word' id='word_1_197' title='bbox 1423 3545 1773 3612; x_wconf 86' lang='lat' dir='ltr'><strong><em>videbatur</em></strong></span> <span class='ocrx_word' id='word_1_198' title='bbox 1791 3598 1809 3627; x_wconf 92' lang='lat'>‚</span> <span class='ocrx_word' id='word_1_199' title='bbox 1874 3552 1954 3612; x_wconf 91' lang='lat' dir='ltr'><strong><em>in</em></strong></span> <span class='ocrx_word' id='word_1_200' title='bbox 2005 3549 2509 3640; x_wconf 80' lang='lat' dir='ltr'><strong><em>Prolegomenis</em></strong></span> 
     </span>
     <span class='ocr_line' id='line_1_28' title="bbox 382 3665 2512 3755; baseline 0.006 -30"><span class='ocrx_word' id='word_1_201' title='bbox 382 3669 649 3749; x_wconf 73' lang='lat' dir='ltr'><strong><em>exposui</em></strong></span> <span class='ocrx_word' id='word_1_202' title='bbox 666 3692 691 3744; x_wconf 83' lang='lat'><strong><em>‚-</em></strong></span> <span class='ocrx_word' id='word_1_203' title='bbox 738 3665 1052 3752; x_wconf 89' lang='lat' dir='ltr'><strong><em>quomodo</em></strong></span> <span class='ocrx_word' id='word_1_204' title='bbox 1099 3670 1533 3732; x_wconf 85' lang='lat' dir='ltr'><strong><em>tractaverim</em></strong></span> <span class='ocrx_word' id='word_1_205' title='bbox 1554 3717 1572 3746; x_wconf 92' lang='lat'><strong><em>,</em></strong></span> <span class='ocrx_word' id='word_1_206' title='bbox 1625 3668 1795 3732; x_wconf 80' lang='lat' dir='ltr'><strong><em>liber</em></strong></span> <span class='ocrx_word' id='word_1_207' title='bbox 1838 3672 1980 3755; x_wconf 88' lang='lat' dir='ltr'><strong><em>ipse</em></strong></span> <span class='ocrx_word' id='word_1_208' title='bbox 2026 3668 2265 3737; x_wconf 90' lang='lat' dir='ltr'><strong><em>doceat.</em></strong></span> <span class='ocrx_word' id='word_1_209' title='bbox 2359 3672 2512 3738; x_wconf 86' lang='lat' dir='ltr'><strong><em>Feci</em></strong></span> 
     </span>
     <span class='ocr_line' id='line_1_29' title="bbox 383 3786 2602 3874; baseline 0.004 -25"><span class='ocrx_word' id='word_1_210' title='bbox 383 3808 548 3871; x_wconf 90' lang='lat' dir='ltr'><strong><em>quae</em></strong></span> <span class='ocrx_word' id='word_1_211' title='bbox 587 3791 803 3870; x_wconf 88' lang='lat' dir='ltr'><strong><em>potui.</em></strong></span> <span class='ocrx_word' id='word_1_212' title='bbox 920 3786 1163 3852; x_wconf 90' lang='lat' dir='ltr'><strong><em>Naevis</em></strong></span> <span class='ocrx_word' id='word_1_213' title='bbox 1213 3791 1335 3874; x_wconf 88' lang='lat' dir='ltr'><strong><em>qui</em></strong></span> <span class='ocrx_word' id='word_1_214' title='bbox 1365 3789 1613 3874; x_wconf 80' lang='lat' dir='ltr'><strong><em>procul</em></strong></span> <span class='ocrx_word' id='word_1_215' title='bbox 1656 3787 1854 3853; x_wconf 88' lang='lat' dir='ltr'><strong><em>dubio</em></strong></span> <span class='ocrx_word' id='word_1_216' title='bbox 1901 3792 2354 3870; x_wconf 88' lang='lat' dir='ltr'><strong><em>invenientur,</em></strong></span> <span class='ocrx_word' id='word_1_217' title='bbox 2407 3815 2508 3857; x_wconf 84' lang='lat' dir='ltr'><strong><em>eos</em></strong></span> <span class='ocrx_word' id='word_1_218' title='bbox 2599 3793 2602 3794; x_wconf 42' lang='lat'><em>⁷</em></span> 
     </span>
     <span class='ocr_line' id='line_1_30' title="bbox 382 3909 2509 3995; baseline 0.004 -26"><span class='ocrx_word' id='word_1_219' title='bbox 382 3909 719 3995; x_wconf 78' lang='lat' dir='ltr'><strong><em>ignoscere</em></strong></span> <span class='ocrx_word' id='word_1_220' title='bbox 751 3930 937 3991; x_wconf 89' lang='lat' dir='ltr'><strong><em>spero</em></strong></span> <span class='ocrx_word' id='word_1_221' title='bbox 969 3913 1090 3993; x_wconf 86' lang='lat' dir='ltr'><strong><em>qui</em></strong></span> <span class='ocrx_word' id='word_1_222' title='bbox 1120 3912 1262 3995; x_wconf 88' lang='lat' dir='ltr'><strong><em>ipsi</em></strong></span> <span class='ocrx_word' id='word_1_223' title='bbox 1278 3931 1578 3994; x_wconf 86' lang='lat' dir='ltr'><strong><em>unquam</em></strong></span> <span class='ocrx_word' id='word_1_224' title='bbox 1609 3910 1906 3974; x_wconf 83' lang='lat' dir='ltr'><strong><em>similem</em></strong></span> <span class='ocrx_word' id='word_1_225' title='bbox 1936 3914 2297 3976; x_wconf 89' lang='lat' dir='ltr'><strong><em>materiam</em></strong></span> <span class='ocrx_word' id='word_1_226' title='bbox 2333 3925 2509 3979; x_wconf 88' lang='lat' dir='ltr'><strong><em>trac-</em></strong></span> 
     </span>
     <span class='ocr_line' id='line_1_31' title="bbox 382 4026 2511 4108; baseline 0.004 -19"><span class='ocrx_word' id='word_1_227' title='bbox 382 4030 693 4094; x_wconf 85' lang='lat' dir='ltr'><strong><em>taverint.</em></strong></span> <span class='ocrx_word' id='word_1_228' title='bbox 788 4026 876 4090; x_wconf 89' lang='lat' dir='ltr'><strong><em>Id</em></strong></span> <span class='ocrx_word' id='word_1_229' title='bbox 903 4041 1167 4094; x_wconf 87' lang='lat' dir='ltr'><strong><em>tantum</em></strong></span> <span class='ocrx_word' id='word_1_230' title='bbox 1200 4053 1530 4108; x_wconf 88' lang='lat' dir='ltr'><strong><em>moneam,</em></strong></span> <span class='ocrx_word' id='word_1_231' title='bbox 1568 4031 1920 4095; x_wconf 89' lang='lat' dir='ltr'><strong><em>brevitatis</em></strong></span> <span class='ocrx_word' id='word_1_232' title='bbox 1952 4055 2155 4097; x_wconf 89' lang='lat' dir='ltr'><strong><em>causa</em></strong></span> <span class='ocrx_word' id='word_1_233' title='bbox 2189 4037 2267 4097; x_wconf 89' lang='lat' dir='ltr'><strong><em>in</em></strong></span> <span class='ocrx_word' id='word_1_234' title='bbox 2295 4036 2511 4098; x_wconf 85' lang='lat' dir='ltr'><strong><em>citan-</em></strong></span> 
     </span>
     <span class='ocr_line' id='line_1_32' title="bbox 382 4147 2512 4239; baseline 0.004 -29"><span class='ocrx_word' id='word_1_235' title='bbox 382 4147 490 4210; x_wconf 89' lang='lat' dir='ltr'><strong><em>dis</em></strong></span> <span class='ocrx_word' id='word_1_236' title='bbox 537 4152 919 4236; x_wconf 78' lang='lat' dir='ltr'><strong><em>synonymis</em></strong></span> <span class='ocrx_word' id='word_1_237' title='bbox 970 4174 1201 4214; x_wconf 87' lang='lat' dir='ltr'><strong><em>nomen</em></strong></span> <span class='ocrx_word' id='word_1_238' title='bbox 1234 4152 1606 4238; x_wconf 77' lang='lat' dir='ltr'><strong><em>specificam</em></strong></span> <span class='ocrx_word' id='word_1_239' title='bbox 1642 4175 1894 4239; x_wconf 88' lang='lat' dir='ltr'><strong><em>semper</em></strong></span> <span class='ocrx_word' id='word_1_240' title='bbox 1927 4156 2250 4217; x_wconf 86' lang='lat' dir='ltr'><strong><em>omissum</em></strong></span> <span class='ocrx_word' id='word_1_241' title='bbox 2283 4177 2416 4217; x_wconf 86' lang='lat' dir='ltr'><strong><em>esse</em></strong></span> <span class='ocrx_word' id='word_1_242' title='bbox 2444 4158 2512 4219; x_wconf 89' lang='lat' dir='ltr'><strong><em>si</em></strong></span> 
     </span>
     <span class='ocr_line' id='line_1_33' title="bbox 379 4266 2512 4357; baseline 0.003 -23"><span class='ocrx_word' id='word_1_243' title='bbox 379 4266 554 4334; x_wconf 74' lang='lat' dir='ltr'><strong><em>idem</em></strong></span> <span class='ocrx_word' id='word_1_244' title='bbox 590 4269 825 4355; x_wconf 86' lang='lat' dir='ltr'><strong><em>fuerit</em></strong></span> <span class='ocrx_word' id='word_1_245' title='bbox 881 4295 957 4335; x_wconf 83' lang='lat' dir='ltr'><strong><em>ac</em></strong></span> <span class='ocrx_word' id='word_1_246' title='bbox 1004 4270 1459 4355; x_wconf 86' lang='lat' dir='ltr'><strong><em>praecedentis</em></strong></span> <span class='ocrx_word' id='word_1_247' title='bbox 1512 4277 1898 4357; x_wconf 74' lang='lat' dir='ltr'><strong><em>synonymi,</em></strong></span> <span class='ocrx_word' id='word_1_248' title='bbox 1966 4274 2088 4340; x_wconf 86' lang='lat' dir='ltr'><strong><em>sub</em></strong></span> <span class='ocrx_word' id='word_1_249' title='bbox 2133 4275 2275 4339; x_wconf 83' lang='lat' dir='ltr'><strong><em>alio</em></strong></span> <span class='ocrx_word' id='word_1_250' title='bbox 2309 4279 2512 4343; x_wconf 81' lang='lat' dir='ltr'><strong><em>etiam·</em></strong></span> 
     </span>
    </p>
   </div>
  </div>
 </body>
</html>
