3153 5134
1542 387 1672 450 308

595 635 598 640 .
630 588 688 653 2.
771 590 1006 662 Piper
1046 590 1341 663 nigrum
1383 585 1563 645 Lina.
1595 586 1762 666 Spec.
1842 582 2152 646 Burman!
2195 587 2283 648 Fl.
2318 588 2456 650 Ina,
2473 610 2542 670 p.
2582 586 2686 650 13.-

560 692 815 753 Bluma!
861 692 922 753 V
916 692 1031 752 erh.
1070 691 1207 751 Bac.
1254 689 1521 749 Genoots.
1565 690 1727 750 Tum.
1763 688 1876 749 ΧΙ.
1920 708 1983 768 p.
2021 687 2155 750 191.
2231 691 2446 751 Enum.
2488 692 2686 773 plant.

557 796 752 856 Javae
784 797 953 876 fasc.
1007 794 1063 855 1.
1113 815 1173 873 p.
1241 791 1344 854 69.
1468 792 1658 853 Roxh.
1711 792 1801 850 Fl.
1850 791 2051 852 Indic.
2122 793 2278 854 Tom.
2320 794 2377 854 Ι.
2429 816 2497 875 p.
2544 794 2683 856 150.

561 898 847 958 Laureiro
899 897 991 958 Fl.
1050 893 1292 956 Cochcla.
1345 895 1401 954 I.
1440 916 1505 975 p.
1541 893 1641 955 39.
1722 894 1912 974 Piper
1945 897 2330 955 aromatioum
2360 898 2529 957 Poir.
2609 897 2686 956 P.

561 999 671 1075 fol.
722 1001 914 1060 ovatis
946 998 1431 1079 mhseptinerciis
1468 1006 1613 1058 caet.
1656 996 1839 1055 Linn.
1877 997 1969 1056 FI.
2008 997 2177 1076 Zeyl.
2203 1018 2268 1078 p.
2307 997 2398 1059 10.
2483 998 2558 1059 P.
2589 1018 2691 1058 ro·-

560 1100 806 1161 tundum
861 1121 933 1160 ex
983 1099 1314 1160 Malabatm
1351 1098 1473 1179 sol.
1527 1097 1666 1157 latis
1719 1098 2007 1159 5merviis
2058 1099 2455 1161 albicantibus
2486 1102 2690 1160 Herm·

566 1203 735 1283 Zeyl.
758 1224 828 1284 p.
864 1202 963 1264 52.
1044 1203 1117 1262 P.
1153 1201 1467 1262 rotundum
1502 1202 1743 1281 nigrum
1781 1199 1974 1260 Bauh.
2007 1202 2152 1262 Pin.
2176 1223 2242 1282 p.
2284 1201 2424 1264 411.
2466 1203 2690 1263 Plukn.

564 1306 725 1367 Alm.
749 1327 819 1387 p.
850 1305 989 1366 297.
1071 1303 1481 1387 Molago-Codi
1514 1303 1744 1365 Rheeda
1769 1305 1939 1364 Hore.
1969 1304 2108 1365 Mal.
2142 1306 2299 1365 Tom.
2322 1306 2476 1366 VII.
2501 1305 2686 1387 p.23.

563 1408 733 1469 Lada
751 1454 770 1484 ‚
826 1408 970 1468 aliis
1018 1409 1297 1489 Malanga
1348 1408 1560 1466 Pison.
1619 1407 1886 1468 Mantiss.
1940 1407 2140 1467 Aram.
2183 1429 2243 1487 p.
2285 1407 2441 1470 180-
2504 1408 2689 1474 Caulo

567 1509 857 1571 fruticoso
874 1556 893 1588 ‚
923 1510 1255 1571 'scandente
1272 1555 1290 1586 ‚
1331 1508 1638 1569 radicante
1653 1553 1672 1583 ‚
1714 1508 1917 1584 tereti,
1944 1508 2104 1569 foliis
2134 1510 2416 1571 coriaceis
2431 1556 2450 1588 ‚
2485 1511 2691 1590 junio·

566 1612 737 1673 ribus
767 1609 1410 1692 pellucido-punctatis
1426 1655 1444 1685 ‚
1485 1607 1706 1687 glabris
1713 1653 1731 1685 ,
1765 1609 1973 1670 subtus
1998 1611 2695 1692 glaucescenti·pallidis,

566 1716 789 1778 adultis
822 1715 1193 1795 marginibus
1226 1714 1543 1790 revolutis,
1585 1712 1971 1775 inferioribus
1996 1715 2531 1776 rotundato-ovatis
2557 1716 2695 1776 sub·

567 1821 950 1901 aequilateris
1011 1817 1135 1879 basi
1185 1818 1401 1878 leviter
1449 1815 1709 1877 cordatis
1761 1816 1861 1877 vel
1909 1818 2232 1896 truncatis,
2271 1818 2555 1898 septupli·
2593 1816 2698 1883 vel

563 1922 1098 1986 noveno-nerviis:
1127 1942 1186 1981 n.
1204 1921 1243 1981 3
1276 1921 1491 1981 mediis
1518 1940 1698 1999 supra
1732 1920 1903 1981 basin
1938 1921 2147 1983 solutis
2179 1921 2255 1981 ad
2284 1922 2518 2000 apicem
2551 1920 2697 1981 duc·

493 2053 500 2062 ·
561 2027 673 2105 tis,
733 2024 1146 2105 superioribus
1196 2023 1677 2103 ovato-ellipticis
1730 2024 2088 2103 ellipticisve
2139 2023 2504 2103 plerumque
2535 2023 2698 2083 inae·

564 2129 876 2209 quilateris
895 2174 913 2204 ‚
969 2126 1321 2187 acuminatis
1337 2171 1356 2201 ‚
1413 2126 1696 2186 acumine
1745 2135 1950 2204 acuto,
1992 2125 2287 2207 septupli·
2316 2124 2414 2186 vel
2448 2126 2693 2204 quintu-

565 2230 880 2312 plinerviis
894 2274 912 2306 ,
986 2228 1237 2288 amentis
1281 2226 1788 2307 hermaphroditis
1839 2229 1938 2289 vel
1984 2227 2262 2288 femineis
2314 2226 2695 2287 filiformibus

564 2332 850 2416 pendulis
871 2331 1250 2393 remotifloris
1273 2329 1903 2410 brevi-pedunculatis
1934 2331 2081 2392 solio
2100 2329 2499 2407 brevioribuS,
2526 2329 2698 2390 brac-

565 2437 680 2499 teis
739 2435 1251 2515 lineari-oblongis
1311 2435 1860 2514 luteo-marginatis
1874 2482 1893 2514 ‚
1951 2434 2164 2496 rhachi
2216 2434 2379 2494 inter
2424 2433 2697 2494 bracteas

566 2540 761 2617 hirta,
822 2539 1174 2601 staminibus
1242 2537 1280 2597 2
1338 2537 1740 2616 crassissimis,
1797 2539 2170 2619 stigmatibus
2221 2537 2380 2599 3-4
2398 2584 2417 2615 ,
2471 2556 2610 2599 raro
2655 2536 2697 2597 5

573 2641 1137 2705 crasso-lanceolatis
1150 2684 1169 2716 ‚
1198 2638 1396 2700 baccis
1429 2640 1713 2719 globosis,
1742 2643 1991 2702 maturis
2023 2642 2249 2720 rubris,
2283 2640 2557 2721 calyculo
2588 2639 2695 2703 flo-

574 2746 761 2808 rifero
793 2743 1020 2806 amenti
1054 2743 1247 2804 herm.
1280 2742 1547 2823 perfecte
1579 2743 1956 2823 quadrilobo.

639 2894 799 2946 lcon.
848 2884 1036 2944 Plukn.
1084 2888 1122 2944 l.
1156 2903 1202 2942 c.
1237 2886 1359 2972 Tab.
1391 2893 1501 2943 537
1545 2888 1640 2962 fig.
1672 2894 1725 2944 1.
1798 2888 1906 2944 Piso
1936 2889 1978 2946 1.
2004 2909 2050 2946 6.
2078 2910 2131 2964 p.
2161 2894 2288 2946 180.
2358 2887 2556 2946 Rheede
2584 2890 2625 2947 l.
2657 2909 2704 2947 c.

567 2976 693 3035 Tah.
724 2982 817 3033 12.
888 2975 1070 3031 Blume
1097 2974 1136 3031 l.
1167 2996 1211 3033 c.
1242 2976 1335 3050 fig.
1362 2980 1430 3033 11.
1459 2996 1564 3051 org.
1597 2995 1780 3051 gener„
1813 2977 1907 3053 fig.
1936 2983 2010 3033 17
2037 2979 2127 3034 iol.
2158 2980 2354 3055 xylogr.

653 3117 957 3177 liabitat
991 3123 1383 3196 spontaneum
1419 3118 1483 3177 in
1518 3116 1698 3178 India
1725 3117 2036 3196 orientali,
2071 3119 2346 3198 inprimis
2375 3120 2495 3180 oris
2528 3118 2702 3179 nala·

578 3218 784 3281 bariae
836 3227 897 3278 et
945 3217 1189 3279 fortasse
1242 3220 1307 3280 in
1359 3221 1570 3281 insulis
1598 3221 1910 3282 Sundaicis
1926 3267 1945 3299 ‚
1985 3221 2087 3282 sed
2137 3242 2247 3302 per
2280 3229 2464 3283 totam
2499 3222 2702 3286 Asiam

576 3320 872 3398 calidam,
930 3322 1037 3382 ins.
1094 3322 1500 3384 Mascarhenas
1556 3326 1826 3402 cultum,
1881 3325 1944 3385 in
1989 3324 2226 3402 Novum
2259 3325 2482 3386 Orbem
2520 3326 2704 3387 etiam

578 3426 952 3487 translatum.
990 3455 1069 3470 -
1109 3425 1184 3485 111
1236 3425 1555 3488 Malabaria
1608 3426 1881 3508 (Rhoede
1930 3427 1973 3489 1.
2022 3426 2122 3509 o.),
2175 3427 2458 3508 Bengalia
2487 3427 2706 3511 (Roxb.

574 3537 638 3590 et
665 3528 963 3590 Wallich!
1009 3529 1224 3589 »llerb.
1258 3529 1490 3608 Wight.
1525 3531 1776 3591 nomine
1807 3530 1871 3592 P.
1889 3531 2279 3613 pepuloides'’
2327 3530 2517 3593 Roxb.
2533 3530 2700 3612 apud

573 3629 888 3711 Wallich),
949 3631 1028 3692 ad
1074 3630 1269 3710 Tadag
1285 3677 1303 3706 ,
1363 3640 1573 3711 sponte
1619 3632 1942 3712 (Wallichl
1986 3657 2046 3696 11.
2091 3632 2252 3714 137),
2291 3633 2370 3696 ad
2402 3635 2704 3716 Singapur

576 3734 904 3818 (Wallichl
953 3755 1013 3794 n.
1047 3732 1207 3795 6643
1241 3732 1302 3794 Ρ.
1333 3733 1548 3795 incolis
1572 3735 1829 3820 Peperi)‚
1855 3740 1920 3798 in
1951 3738 2359 3800 Cochinchina
2393 3737 2705 3820 (Loureiro

576 3839 620 3899 l.
654 3833 755 3917 c.)‚
796 3837 861 3898 in
896 3838 1044 3898 Java
1078 3837 1316 3898 cultum
1349 3838 1614 3919 (Blume!
1647 3839 1711 3898 in
1745 3840 1919 3901 Horb.
1954 3841 2144 3921 Lugd.
2171 3840 2317 3919 Bat.‚
2350 3840 2700 3902 Kollmann!

569 3942 642 4004 in
707 3941 884 4002 Herb.
958 3938 1203 4021 Haisa),
1264 3941 1542 4013 Sumatra¹
1588 3942 1932 4026 (Marsden),
1982 3944 2048 4004 in
2097 3944 2329 4007 Borneo
2343 3991 2363 4023 ,
2418 3943 2702 4025 Ceylonia

569 4045 857 4129 (Her-man
909 4043 1075 4123 apud
1132 4043 1352 4105 Burm.l
1414 4046 1480 4106 in
1528 4045 1708 4108 Herb.
1752 4045 1839 4108 De
1894 4047 2045 4109 Less.
2077 4057 2139 4109 et
2170 4050 2341 4110 Linn.
2373 4048 2457 4110 ΓΙ.
2491 4048 2703 4129 Zeyl.),

570 4149 636 4208 111
693 4149 924 4209 Gaiana
960 4147 1098 4225 gall.
1133 4148 1284 4209 cult.
1324 4148 1653 4230 (Pei-rotet!
1700 4151 1767 4212 in
1800 4151 1975 4212 Herb.
2006 4150 2094 4214 De
2124 4150 2320 4232 Lem),
2353 4151 2422 4214 in
2457 4151 2704 4214 Brasilia

568 4251 716 4313 cult.
747 4249 1094 4332 (Blanchet!
1138 4249 1204 4309 in
1240 4251 1416 4312 Herb.
1452 4251 1683 4333 Meisn.)

636 4375 824 4429 Nomen
867 4393 1066 4432 vernae.
1112 4378 1315 4432 Sancr.
1363 4372 1669 4452 Vellojung,
1704 4379 2072 4455 Mureechung‚
2108 4370 2418 4457 Kolultung,
2454 4377 2702 4437 Krishnu·
