3153 5134
1480 369 1604 434 381

498 571 865 644 prominentes,
907 587 983 624 an.
1013 569 1067 629 in
1112 568 1227 626 vivo
1265 564 1530 633 violacei?,
1574 575 1675 621 tres
1693 568 1696 573 ’
1711 565 1869 621 medii
1908 566 2080 640 paullo
2115 586 2267 641 supra
2301 567 2442 624 basin
2475 571 2632 627 ueluti

497 677 652 733 usque
695 658 761 713 ad
805 657 999 732 apicem
1043 656 1215 724 ducti,
1265 674 1435 710 aream
1479 654 1813 710 lanceolatam
1856 654 2193 724 includentes,
2241 659 2635 714 anastomosibus

497 746 987 804 subhorizoutalibus
1027 745 1237 800 alternis
1280 744 1361 799 vel
1409 745 1647 819 oppositis
1684 744 1961 799 reticulatis
1998 745 2129 800 inter
2167 764 2217 799 se
2249 746 2442 819 juncti.
2512 750 2633 801 Tres

500 837 742 911 utrinque
775 833 1004 888 laterales
1038 832 1286 888 tenuiores
1323 852 1382 886 ex
1421 833 1526 904 ipsa
1563 831 1669 886 basi
1707 833 1807 888 orti
1820 873 1837 901 ,
1875 851 2095 907 quorum
2132 833 2355 906 superior
2382 833 2447 888 ad
2479 840 2511 897 ξ
2539 832 2635 893 alt.

494 924 710 992 ductus,
756 922 968 978 infimus
1010 921 1368 977 subtilissimus
1412 938 1580 976 versus
1614 920 1717 976 lobi
1752 920 2010 975 ambitum
2046 921 2335 976 inferiorem
2369 921 2633 977 decurrens

499 1015 600 1069 cito
637 1029 955 1078 evanesceu83
999 1027 1172 1064 omnes
1214 1007 1609 1064 anastomosibus
1652 1026 1680 1062 e
1721 1008 1879 1062 latere
1921 1008 2160 1062 exteriore
2200 1008 2434 1083 inprimis
2477 1010 2632 1079 ortis,

496 1100 703 1157 ramosis
741 1098 876 1153 inter
913 1116 965 1151 se
997 1096 1191 1171 juncti.
1262 1101 1519 1150 Amenta
1557 1095 1614 1149 in
1648 1095 1861 1150 ramulis
1896 1096 2246 1169 opposititolia,
2291 1095 2495 1170 patula,
2540 1118 2633 1172 pe-

496 1187 792 1243 dunculis
825 1191 855 1241 1
893 1194 1022 1240 cent.
1056 1183 1256 1239 circiter
1284 1183 1444 1258 longis
1474 1193 1722 1252 sustenta,
1759 1184 1990 1238 florentia
2017 1183 2138 1239 folio
2167 1200 2350 1258 parum
2379 1184 2634 1260 longiora,

497 1278 710 1331 10-12
759 1284 894 1330 cent.
935 1273 1086 1347 longa
1134 1270 1432 1337 filiformia,
1473 1290 1645 1326 versus
1692 1273 1881 1345 apicem
1927 1270 2097 1345 paullo
2143 1280 2432 1341 attenuata,
2477 1285 2529 1329 et
2572 1275 2630 1332 iu

494 1381 787 1418 mucronem
821 1362 1023 1417 brevem
1054 1360 1357 1426 desinentia,
1393 1359 1499 1414 basi
1527 1364 1561 1415 2
1596 1379 1724 1416 mm.
1757 1379 1944 1428 crassa,
1977 1371 2203 1419 curvata.
2275 1362 2478 1418 Flores
2506 1364 2627 1420 den-

492 1451 671 1508 sissimi
700 1448 1223 1524 annulata-spiraliter
1252 1448 1496 1521 dispositi.
1534 1454 1823 1504 Bracteae
1848 1450 2196 1523 pedicellatae,
2220 1452 2463 1526 peltatae,
2490 1452 2628 1527 pelta

496 1551 769 1596 transverse
801 1538 1043 1611 oblonga,
1094 1534 1517 1610 subtriangulari,
1553 1554 1668 1593 area
1716 1536 1927 1592 centrali
1967 1539 2149 1612 exigua
2181 1539 2319 1595 nuda
2353 1541 2481 1596 sicca
2512 1542 2628 1597 cha-

490 1625 877 1703 lyben-violacea
897 1664 914 1693 ,
956 1623 1273 1698 marginibus
1311 1634 1365 1678 et
1397 1623 1662 1698 superficie
1695 1623 1795 1680 fere
1832 1636 1940 1682 tota
1974 1627 2113 1682 villis
2145 1628 2393 1684 ochraceis
2429 1630 2627 1688 ciliato·

495 1715 686 1771 villosa.
758 1713 1031 1768 Stamina
1058 1712 1287 1785 plurima
1332 1714 1416 1784 (5)
1462 1713 1626 1793 orario
1656 1732 1865 1787 superne
1894 1726 1947 1769 et
1977 1735 2007 1770 a
2033 1714 2274 1770 lateribus
2307 1716 2381 1771 ita
2409 1717 2627 1773 circum·

493 1804 653 1879 posita
698 1813 764 1858 ut
802 1800 1009 1857 difficile
1054 1801 1120 1856 sit
1169 1799 1354 1853 limites
1399 1799 1534 1854 inter
1578 1800 1795 1875 singulos
1834 1801 1980 1856 flores
2020 1802 2268 1872 iudicare3
2313 1804 2485 1859 omnia
2516 1806 2628 1864 scil.

495 1910 652 1946 unam
692 1889 984 1945 continuam
1024 1888 1213 1942 lineam
1252 1886 1482 1961 spiralem
1524 1888 1657 1943 circa
1691 1891 1878 1944 amenti
1915 1890 2032 1944 axin
2067 1891 2399 1948 constituunt.
2471 1895 2631 1950 Fila·

499 1987 704 2032 menta
744 1975 917 2031 brevia
962 1976 1307 2031 teretiuscula.
1379 1976 1684 2030 Autherae
1723 1986 1909 2031 erectae
1947 1977 2401 2053 didymo-cordatae
2437 1980 2632 2052 fuscae,

494 2063 815 2132 bilocularoe,
852 2063 1031 2120 loculis
1068 2064 1199 2118 rima
1233 2062 1432 2118 laterali
1467 2063 1853 2120 dehiscentibus.
1917 2066 2086 2120 Polleu
2116 2066 2422 2126 vitelliuum.
2485 2074 2633 2126 Ova.

491 2153 659 2210 rium
689 2154 827 2209 ovale
854 2155 1122 2229 exiguum,
1160 2151 1568 2227 stigmatibus
1597 2158 1650 2208 3.
1679 2154 1798 2224 (sec.
1826 2173 1899 2227 sp.
1927 2153 2121 2225 Surin.)
2194 2159 2416 2211 Baccae
2443 2158 2628 2215 densis·

494 2243 674 2313 simae,
711 2246 922 2313 sessiles,
958 2244 1160 2299 bractea
1195 2241 1462 2309 suffultae,
1497 2241 2047 2310 obovato-turbinatae,
2079 2243 2172 2297 tri·
2207 2243 2288 2298 vel
2318 2255 2625 2320 tetragonae,

494 2334 678 2389 vertice
706 2334 1285 2399 rotundato-truncatae,
1319 2329 1726 2404 stigmatibus
1752 2336 1787 2387 3
1818 2331 2106 2386 lanceolatis
2130 2335 2465 2390 crassiusculis
2493 2355 2630 2392 coro-

497 2432 674 2489 natae,
718 2422 956 2495 glabrae,
996 2422 1185 2476 semine
1220 2418 1477 2492 Papaveris
1514 2418 1662 2473 dubii
1701 2419 1933 2473 minores.
2005 2420 2425 2495 Pericarpium
2461 2433 2628 2482 tenue.

495 2512 702 2563 Semen
733 2509 1015 2575 conforme,
1040 2506 1631 2574 cuneata-turbinatum,
1670 2504 2013 2580 irregulariter
2034 2511 2421 2583 3-4-gonum,
2466 2531 2627 2588 angu-

493 2593 692 2664 latum,
728 2596 928 2651 fuscum
960 2598 1076 2667 (sec.
1106 2614 1178 2669 sp.
1208 2595 1305 2648 ins,
1334 2594 1560 2664 Trinit.).

568 2682 643 2737 cl.
673 2698 851 2736 Ruunt
882 2682 1129 2755 specimen
1160 2681 1290 2735 vidit
1320 2699 1472 2755 prope
1501 2681 1878 2749 Para‘lectum,
1912 2682 2062 2757 cujus
2091 2682 2210 2737 folia
2241 2702 2392 2758 supra
2423 2687 2477 2741 in
2510 2706 2624 2743 ner-

496 2768 572 2824 vis
604 2768 824 2825 hirtella.
895 2769 1074 2823 Simile
1101 2769 1158 2823 in
1187 2767 1338 2822 Herb.
1371 2772 1442 2822 De
1473 2773 1599 2824 Less.
1630 2779 1791 2823 exstat
1819 2769 1875 2823 in
1906 2771 2108 2842 Guiana
2133 2770 2255 2844 gall.
2282 2772 2498 2830 lectum.

569 2863 632 2913 In
685 2878 765 2934 sp.
820 2858 1031 2914 Humb.
1070 2878 1100 2912 a
1146 2857 1214 2913 cl.
1271 2871 1449 2911 [uara
1485 2857 1523 2912 l.
1547 2873 1604 2912 ·c.
1659 2856 1902 2929 descripto
1942 2858 2232 2931 marginum
2271 2860 2418 2916 ciliae
2449 2863 2626 2936 procul

495 2946 653 3014 dubio
678 2945 900 3018 delapsae
921 2956 1080 3002 erant.
1108 2945 1475 3018 -Specimina
1503 2945 1909 3018 Weigeltiaua
1941 2946 2006 3000 ad
2037 2965 2261 3020 unguem
2292 2967 2415 3003 cum
2447 2953 2627 3007 uostris

497 3034 933 3090 Surinamensibus
975 3034 1244 3109 quadrant.
1288 3066 1359 3075 —
1402 3037 1496 3108 Sp.
1540 3037 1660 3089 Bon
1669 3033 1750 3107 pl.
1795 3034 1874 3104 (in
1905 3034 2053 3090 Herb.
2086 3039 2157 3089 De
2184 3040 2336 3108 Less.)
2365 3037 2499 3094 foliis
2528 3046 2622 3097 11-

494 3124 703 3189 nerviis,
738 3142 890 3196 supra
918 3124 973 3177 in
1004 3123 1169 3177 nervis
1203 3121 1442 3189 hirtellis,
1477 3121 1659 3198 subtus
1689 3121 2004 3195 glaber-rimis
2029 3123 2224 3197 insigne
2254 3135 2346 3181 est.

569 3213 746 3284 Piper
772 3229 1110 3284 regressum
1138 3211 1257 3265 haec
1283 3210 1464 3285 species
1486 3230 1516 3265 a
1539 3210 1607 3265 cl.
1628 3224 1898 3264 Auntnsou
1921 3211 2057 3265 dicta
2078 3210 2279 3267 videtur
2298 3213 2362 3268 ob
2384 3226 2624 3275 amenta

494 3300 921 3374 patulo-recurva,
958 3310 1101 3374 parte
1128 3317 1304 3355 eorum
1340 3303 1373 3363 {-
1402 3300 1645 3374 superiore
1672 3298 1860 3353 iterum
1890 3317 2089 3353 sursum
2116 3312 2397 3356 recurvata.

574 3465 634 3526 2.
716 3466 1090 3524 Artanthe
1123 3465 1575 3537 marginata.
1653 3462 1841 3542 Piper
1869 3459 2139 3540 Jaoquin
2172 3463 2339 3523 Icon.
2376 3465 2463 3524 II
2488 3466 2525 3527 l.
2566 3489 2618 3528 c.

497 3564 687 3646 Piper
730 3567 1113 3627 decumanum
1161 3566 1331 3625 Hori.
1379 3566 1550 3625 berol.
1587 3585 1644 3625 a.
1684 3562 1855 3624 1835.
1943 3564 2256 3625 Schilleria
2290 3564 2372 3648 (P)
2404 3571 2622 3652 margi·

497 3679 641 3728 mata
681 3667 924 3728 Kanth!
973 3670 1010 3728 l.
1055 3689 1103 3728 e.
1139 3689 1204 3747 p.
1249 3666 1386 3729 718.
1467 3666 1735 3728 Ramulis
1774 3666 2131 3745 petiolisquc
2173 3668 2419 3747 glabris,
2461 3669 2621 3733 foliis

493 3770 675 3847 longe
724 3768 1056 3848 petiolatis,
1114 3767 1617 3843 membranaceis,
1667 3768 2046 3829 subtilissime
2097 3770 2618 3853 pellucido-punc·

497 3873 733 3948 tulatis,
774 3872 1022 3948 ciliatis,
1075 3871 1364 3953 utrinque
1398 3871 1465 3931 iu
1502 3871 1702 3931 nervis
1737 3880 1798 3931 et
1832 3872 2066 3932 venulis
2096 3873 2442 3951 puberulis,
2481 3878 2619 3938 sub-

499 3974 1042 4037 rutundo·cordatis
1059 4019 1076 4051 ‚
1138 3975 1289 4035 lobis
1344 3974 1678 4035 rotundatis
1734 3975 2083 4054 aequalibus
2135 3977 2388 4055 patulis,
2448 3981 2619 4059 apice

492 4079 867 4154 acuminatis,
895 4077 1540 4139 subundecim·nerviis
1552 4123 1570 4153 ,
1603 4078 1838 4157 petiolis
1871 4078 2105 4139 inferne
2134 4081 2617 4146 membranaceo·

492 4180 687 4257 alatis,
726 4181 978 4242 amentis
1008 4181 1272 4242 breviter
1299 4180 1720 4261 pedunculatis
1750 4182 2176 4260 erectiusculis,
2210 4183 2612 4267 subcurvatis,

488 4283 637 4347 folio
674 4285 1069 4346 brevioribus.

564 4393 715 4443 leon.
751 4392 893 4462 Jacq.
930 4388 968 4445 l.
1005 4409 1046 4443 c.
1085 4385 1209 4443 Tab.
1244 4391 1371 4442 215.
