3153 5134
1482 381 1560 443 91

532 576 832 638 Habitat
867 595 1045 656 supra
1080 577 1363 638 arborum
1399 586 1644 638 truncos
1680 579 1744 637 in
1783 564 2102 639 Surinamo
2121 625 2138 654 ‚
2176 599 2363 660 prope
2405 581 2584 644 Para-

449 681 683 742 maribo
734 682 990 762 (Foekel
1046 681 1111 740 in
1166 681 1340 742 Herh.
1394 701 1561 761 prop.
1613 690 1673 740 et
1728 680 2083 741 Hostmann!
2140 682 2208 742 in
2245 684 2420 746 Herb.
2456 707 2583 765 reg.

358 862 364 868 .
454 781 674 863 berol.)

525 903 893 962 Suffruticulus
938 903 1207 959 herbaceus
1225 943 1242 972 ,
1291 906 1479 960 ramis
1529 906 1708 978 sparsis
1755 906 1893 979 vagis
1933 906 2186 961 debilibus
2220 909 2569 964 radicantibus
2586 949 2602 976 ,

453 995 688 1067 adspectu
732 991 1055 1066 glaberrimis
1071 1032 1087 1061 ,
1138 1002 1190 1046 et
1219 992 1316 1046 suh
1345 992 1479 1046 lente
1509 993 1629 1065 pilis
1663 993 1901 1048 brevibus
1932 994 2200 1049 instructis
2217 1034 2234 1061 ,
2265 997 2601 1050 teretiuscnlis

453 1071 802 1153 (eksiccatione
845 1079 1135 1152 compressis
1178 1079 1389 1134 alatisve
1438 1080 1850 1154 nigricantibus).
1941 1082 2228 1135 Internodia
2282 1088 2426 1136 5—-7
2469 1094 2601 1138 cent.

452 1169 618 1242 longa.
689 1166 950 1221 Radices
980 1166 1113 1220 infra
1142 1185 1307 1220 ramos
1329 1167 1517 1221 foliave
1543 1179 1862 1240 erumpentes
1885 1169 2140 1224 solitariae
2160 1180 2255 1224 aut
2276 1181 2568 1244 aggregatae
2585 1210 2602 1236 ,

452 1265 630 1312 tenues
647 1296 664 1324 ,
709 1254 915 1328 longae,
956 1255 1334 1327 pauciramosae
1352 1294 1369 1321 ,
1421 1256 1733 1313 tenuissimis
1767 1256 1974 1312 fibrinis
2004 1258 2089 1312 hie
2120 1257 2231 1310 illie
2263 1256 2604 1330 pubescentes.

450 1345 626 1402 Folia
653 1345 852 1399 alterna
869 1382 887 1410 ‚
921 1343 1163 1416 petiolata
1183 1382 1198 1409 ,
1233 1343 1452 1397 breviter
1493 1343 1769 1398 lanceolata
1806 1354 1898 1399 aut
1940 1344 2573 1400 rhomboideo-lanceolata
2590 1386 2604 1412 ,

455 1434 566 1488 basi
614 1442 766 1487 acuta
783 1472 799 1499 ,
844 1432 982 1505 apice
1033 1430 1195 1505 magis
1233 1432 1525 1485 acuminata
1544 1472 1561 1499 ,
1592 1434 1836 1485 exsiccata
1869 1433 2088 1486 coriacea
2104 1473 2120 1498 ,
2153 1433 2410 1505 superiora
2440 1435 2605 1507 potius

452 1521 834 1576 membranacea
851 1558 868 1585 ,
905 1518 1128 1572 viventia
1156 1516 1363 1572 fortasse
1394 1539 1613 1574 succosa.
1687 1520 1833 1572 Nervi
1864 1521 1919 1573 in
1949 1520 2085 1574 foliis
2115 1520 2440 1576 inferioribus
2469 1540 2600 1575 cras-

452 1609 670 1664 sioribus
719 1625 822 1659 non
871 1604 1133 1676 diaphanis
1162 1604 1472 1660 obscuriores
1488 1646 1504 1673 ,
1535 1608 1591 1659 in
1623 1608 1968 1679 superioribus
2003 1609 2233 1662 medium
2268 1626 2483 1664 nervum
2520 1611 2604 1664 sis·

450 1706 579 1752 tunt
628 1703 794 1749 totam
838 1692 1090 1746 laminam
1141 1703 1521 1765 percurrentem
1539 1731 1556 1761 ,
1595 1694 1822 1748 laterales
1858 1695 2103 1768 utrinque
2136 1695 2261 1749 duos
2298 1697 2607 1769 majusculos

451 1784 779 1840 emittentem
799 1819 815 1846 ,
842 1787 1062 1854 quorum
1094 1780 1196 1834 duo
1226 1779 1480 1834 inferiores
1508 1780 1612 1833 fere
1637 1799 1665 1834 e
1702 1779 1809 1835 basi
1839 1781 2168 1854 egrediuntur
2188 1821 2203 1848 ,
2247 1783 2521 1856 superiores
2548 1785 2602 1838 in

452 1871 622 1926 medio
667 1867 789 1923 folio
804 1906 820 1935 ,
871 1867 976 1921 illis
1008 1868 1278 1924 tenuiores,
1352 1872 1540 1923 Omnes
1573 1888 1604 1923 a
1637 1869 1865 1941 margine
1894 1869 2139 1923 remotius
2168 1870 2449 1924 decurrunt
2464 1910 2482 1940 ,
2520 1871 2602 1926 vix
2641 1884 2646 1889 '

452 1968 627 2015 autem
659 1954 772 2009 folii
802 1955 999 2027 apicem
1031 1955 1315 2029 attingunt.
1389 1961 1738 2011 Anastomoses
1776 1966 1952 2011 tenues
1982 1977 2165 2029 parvae
2184 1998 2199 2025 ,
2237 1978 2424 2031 parum
2455 1978 2603 2033 regu-

452 2048 596 2101 lares·
662 2045 806 2099 Color
837 2043 1204 2098 exsiccatorum
1245 2044 1666 2111 atro-brunneus,
1702 2044 1758 2097 in
1792 2045 1917 2099 vivis
1952 2046 2126 2099 viridis
2159 2046 2214 2099 in
2248 2047 2432 2120 pagina
2464 2066 2605 2120 supe·

455 2135 586 2190 riore
601 2172 619 2200 ‚
663 2132 876 2187 discolor
923 2133 981 2184 in
1029 2130 1265 2185 inferiore
1281 2172 1296 2198 ,
1337 2151 1464 2206 quae
1494 2151 1632 2186 nunc
1666 2131 2067 2204 olivam-grisea
2082 2172 2098 2199 ,
2125 2131 2220 2186 sub
2251 2135 2387 2188 lente
2416 2135 2605 2190 crebris

456 2222 664 2296 punctis
694 2221 876 2274 nitidis
903 2220 1061 2293 nigris
1090 2220 1345 2275 instructa
1364 2259 1380 2286 ,
1418 2220 1473 2273 in
1516 2220 1703 2296 pagina
1735 2219 1989 2292 superiore
2020 2220 2162 2276 raris.
2235 2222 2460 2276 Petioli
2494 2223 2607 2278 bne-

454 2331 538 2366 ves
565 2310 667 2363 fere
695 2318 906 2376 teretes,
942 2313 1074 2378 ,ις-1
1108 2318 1242 2363 cent.
1275 2309 1415 2381 longi
1430 2330 1454 2376 ς,
1477 2307 1676 2362 lamina
1706 2314 1845 2363 4——5
1880 2319 2014 2363 cent.
2053 2309 2231 2382 longa,
2278 2316 2453 2377 1—15
2484 2310 2607 2367 lata.

457 2404 712 2456 Amenta
756 2397 812 2450 in
858 2396 1017 2450 ramis
1048 2395 1390 2468 superioribus
1423 2388 1737 2450 axillaria'et
1770 2379 2101 2464 terminalia,
2132 2397 2502 2469 pedunculis
2531 2408 2605 2452 te-

402 2530 406 2534 .
458 2485 655 2541 retibus
692 2485 929 2541 brevibus
943 2526 959 2552 ,
1002 2487 1205 2559 petiolis
1250 2484 1562 2560 aequilongis
1605 2493 1697 2539 aut
1743 2483 2057 2556 longioribus
2097 2495 2349 2552 sustenta,
2392 2486 2573 2541 teretia
2591 2526 2607 2555 ,

458 2576 728 2631 filiformia
743 2614 760 2642 ,
808 2575 1083 2647 incipiente
1108 2574 1424 2629 florescentia
1453 2573 1576 2626 folia
1604 2573 1689 2625 vix
1712 2571 2001 2643 superantia
2029 2581 2191 2625 erecta
2208 2613 2224 2640 ,
2257 2574 2435 2628 deinde
2466 2574 2610 2629 valde

460 2665 693 2737 elongata
741 2663 963 2736 pendula
979 2702 995 2731 ‚
1044 2664 1206 2717 totius
1254 2661 1495 2716 fruticuli
1538 2658 1917 2732 longitudinem
1961 2660 2270 2733 attingentia
2288 2701 2304 2727 ,
2350 2667 2424 2715 20
2474 2674 2608 2719 cent.

463 2751 645 2825 longa,
688 2752 818 2807 sicca
862 2750 1138 2805 atro-fusca
1168 2759 1220 2802 et
1255 2759 1317 2802 ut
1358 2748 1477 2801 iblia
1519 2746 1796 2801 verruculis
1833 2747 1993 2820 nigris
2031 2757 2222 2803 notata.
2296 2750 2501 2804 Flores
2538 2770 2612 2806 re-

463 2839 612 2895 moti.
693 2844 979 2894 Bracteae
1026 2856 1240 2911 parvae,
1288 2836 1567 2909 oblongae,
1617 2834 1846 2909 glabrae,
1905 2833 2002 2889 sere
2055 2837 2255 2891 sessiloe.
2336 2838 2614 2893 Stamina

460 2930 496 2980 2
517 2966 533 2993 ‚
575 2926 923 2981 filamentis
966 2926 1237 2991 brevibus,
1278 2923 1428 2979 anth
1442 2925 1561 2978 eris
1591 2922 1797 2996 pallidis
1824 2922 2226 2992 bilocularibus,
2257 2924 2507 2994 ovoideis,
2535 2927 2609 2981 lo-

462 3014 593 3068 culis
615 3035 716 3069 non
749 3015 979 3069 multum
1009 3013 1240 3069 discretis
1260 3013 1353 3086 ‚sed
1383 3010 1629 3084 profundo
1657 3009 1800 3064 sulco
1829 3010 2083 3082 separatis,
2158 3013 2403 3085 Stigma
2441 3033 2468 3067 e
2504 3014 2610 3069 basi

461 3100 857 3175 hemisphaerica
890 3102 1243 3174 penicillatum
1258 3139 1274 3166 ,
1300 3098 1540 3154 albicans,
1612 3103 1838 3153 Baccae
1879 3097 2131 3166 ovoideae,
2167 3099 2389 3154 breviter
2416 3103 2607 3155 acumi-

462 3200 611 3245 natae
654 3200 897 3246 rostratae
914 3230 931 3258 ,
975 3200 1134 3245 rostro
1180 3188 1359 3244 obtuso
1403 3187 1638 3262 oblique,
1685 3196 1914 3241 maturae
1942 3186 2036 3245 sub
2076 3186 2210 3243 lente
2249 3189 2608 3244 verruculosae.

459 3280 648 3349 (Decor.
680 3298 778 3335 sec.
808 3298 882 3351 sp.
912 3278 1084 3333 Surin.
1116 3277 1293 3348 Fock.)

543 3454 643 3517 37.
724 3458 1176 3528 Peperomia
1215 3456 1466 3526 pilosa
1500 3452 1667 3511 Ruiz
1703 3463 1759 3510 et
1788 3452 1939 3512 Pav.
1978 3452 2067 3512 Fl.
2104 3453 2323 3514 Peruv.
2367 3454 2517 3515 Tom.
2539 3457 2597 3519 Ι.

454 3557 636 3638 p.31.
719 3559 908 3638 Piper
944 3556 1006 3614 V
999 3556 1099 3615 ahl
1129 3556 1345 3638 Euam.
1374 3556 1536 3614 Tom.
1557 3556 1613 3614 I.
1652 3554 1690 3615 Ι.
1723 3575 1774 3615 e.
1857 3554 2033 3615 Foliis
2066 3555 2597 3635 oblongo-lanceo-

464 3659 635 3737 latis,
675 3659 895 3734 acutis,
931 3677 1108 3737 supra
1142 3658 1344 3737 pilosis
1377 3657 1586 3716 subtus
1616 3657 1947 3736 punctatis,
1979 3657 2100 3717 basi
2139 3659 2594 3739 inaequalibus,

461 3764 716 3825 amentis
749 3763 1100 3823 axillaribus
1128 3762 1408 3822 solitariis
1440 3760 1825 3821 filiformibus
1861 3759 2004 3821 folia
2040 3763 2455 3840 aequantibus.

533 3892 698 3943 leon.
729 3888 858 3942 Ruiz
886 3898 939 3943 et
969 3892 1084 3942 Pav.
1117 3887 1155 3941 l.
1185 3907 1229 3942 e.
1266 3886 1388 3943 Tab.
1412 3890 1503 3941 50.
1533 3885 1626 3960 fig.
1656 3908 1707 3941 a.

542 4005 830 4066 Habitat
863 4007 928 4064 in
962 4005 1250 4079 Peruvia,
1287 4006 1350 4062 in
1390 4004 1567 4083 sylvis
1605 4002 1898 4062 umbrosis
1934 4002 2010 4061 ad
2047 4002 2282 4080 Pozugo
2318 4002 2498 4082 (Ruiz
2537 4012 2612 4071 et,

460 4108 595 4171 Pav.
630 4111 668 4169 Ι.
705 4111 787 4189 c.)

543 4262 639 4323 38.
678 4309 684 4313 -
722 4265 1180 4337 Peperomla
1215 4263 1792 4331 macrostachya
1849 4260 1928 4319 A.
1975 4260 2167 4318 Dietr.
2204 4218 2385 4337 *Spem
2432 4257 2484 4314 T
2480 4278 2593 4325 om.
2679 4344 2686 4353 '

460 4363 519 4423 Ι.
575 4364 610 4423 1.
664 4386 713 4424 c.
769 4364 956 4445 Piper
998 4362 1177 4442 Rich,
1222 4397 1295 4409 --
1340 4361 1510 4423 Vakl.
1546 4362 1767 4421 Enum.
1815 4361 1974 4422 Tem.
2013 4362 2065 4420 I.
2092 4382 2158 4440 p.
2195 4358 2331 4428 341.
2417 4360 2595 4424 Foliis
