3153 5134
1650 396 1728 459 12

618 616 794 672 textu
848 604 1146 673 celluloso
1204 604 1482 670 farctum
1546 617 1663 671 aut
1712 626 1971 686 cavum,
2025 603 2235 672 tenaci
2287 603 2740 694 dissepimento

619 738 970 792 transverso
1002 724 1412 790 instructum.
1509 724 1754 792 Novum
1796 745 2252 815 suprasequens
2295 724 2739 792 internodium

614 843 961 911 lateraliter
1004 843 1174 909 inter
1215 824 1437 931 petioli
1470 840 1883 910 insertionem
1916 857 1984 911 et
2013 844 2258 934 apicem
2294 843 2738 933 praecedentis

616 961 969 1030 internodii
1001 962 1209 1030 oritur
1226 1012 1244 1042 ,
1292 961 1620 1056 pauciores
1652 962 1876 1029 saltem
1914 963 2109 1030 fibras
2142 965 2350 1055 primo
2402 963 2737 1053 accipiens.

612 1085 740 1149 Res
782 1082 1051 1151 omnino
1083 1080 1439 1148 illustratur
1471 1078 1705 1165 sicum
1744 1082 1855 1148 tali
1886 1082 2069 1151 nodo.
2111 1083 2529 1174 monophyllo
2562 1106 2738 1151 com-

614 1224 799 1292 paras
831 1201 1083 1270 nodum
1114 1201 1567 1268 amentiferum
1587 1252 1605 1282 ,
1652 1201 1768 1269 ubi
1809 1200 1939 1271 scil.
1976 1202 2101 1269 axis
2133 1202 2482 1270 terminalis
2515 1226 2742 1270 amen-

619 1321 769 1389 tifer
799 1334 868 1389 et
894 1321 1169 1389 lateralis
1203 1321 1587 1412 vegetativus
1616 1323 1816 1413 (nunc
1842 1323 2053 1412 spurie
2084 1322 2455 1411 terminalis)
2491 1336 2743 1414 vegeta·
2836 1360 2840 1364 -

608 1441 860 1509 tionem
878 1441 1261 1509 continuans
1277 1440 1477 1523 adest,
1507 1441 1605 1507 vel
1632 1463 1782 1508 cum
1816 1441 1989 1510 nodo
2014 1465 2088 1509 ex
2105 1465 2238 1534 quo
2262 1466 2474 1510 ramus
2498 1443 2735 1534 prodit.

608 1618 613 1625 ,
706 1560 1095 1629 Foliorum
1128 1560 1494 1650 morphosin
1526 1560 1775 1651 brevius
1804 1584 2152 1651 exponam,
2188 1585 2338 1630 cum
2366 1562 2434 1630 in
2461 1560 2741 1655 singulo·

608 1703 759 1748 rum
784 1702 1099 1771 generum
1126 1680 1622 1769 adumbratione
1647 1680 1848 1748 fusius
1877 1681 1963 1748 de
1986 1704 2209 1750 eorum
2234 1683 2443 1751 forma
2476 1684 2741 1774 egerim.

614 1800 1132 1869 Praefoliatio
1166 1800 1253 1867 ita
1281 1787 1566 1882 obtinet,
1602 1814 1680 1868 ut
1706 1800 1935 1892 folium
1953 1803 2130 1891 justa
2162 1826 2429 1871 nervum
2452 1803 2742 1871 medium

615 1919 828 1987 antice
841 1919 923 1987 sit
938 1919 1396 2009 complicatum
1416 1934 1484 1988 et
1497 1919 1770 2012 paginae
1786 1921 2121 2011 superioris
2137 1923 2365 2011 planae
2380 1922 2574 1993 latera
2593 1923 2741 1991 axin
2801 1897 2804 1902 ⁵

568 2086 571 2089 -
605 2038 1149 2108 continuaturum
1179 2041 1276 2107 vel
1307 2039 1536 2108 folium
1570 2063 1833 2108 nascens
1862 2040 2033 2108 inter
2068 2065 2134 2109 se
2165 2040 2483 2130 recipiant
2516 2043 2585 2109 in
2618 2045 2745 2110 Pe·

616 2158 1047 2248 peromieis,
1082 2159 1240 2226 dum
1260 2159 1329 2225 in
1358 2158 1706 2251 Pipereis
1736 2159 1886 2229 folia
1901 2159 2253 2251 virginalia,
2272 2161 2563 2251 inprimis
2576 2185 2744 2252 quae

614 2280 1098 2348 membranacea
1132 2294 1315 2361 sunt,
1363 2280 1551 2348 simul
1584 2280 1941 2348 secundum
1959 2288 2184 2349 nervos
2206 2282 2495 2350 laterales
2510 2283 2741 2373 plicata

614 2401 762 2470 sint.
822 2401 1104 2486 Quodvis
1130 2401 1365 2469 horum
1392 2422 1654 2468 nascens
1684 2400 1912 2469 folium
1942 2401 2176 2491 stipula
2204 2402 2629 2493 oppositifolia
2647 2403 2743 2469 vel

601 2521 1049 2613 praecedentis
1077 2520 1215 2591 folii
1232 2520 1475 2612 petiolo
1491 2520 2048 2615 stipulaceo-alato
2071 2535 2280 2592 totum
2301 2523 2399 2591 vel
2423 2545 2542 2614 pro
2560 2536 2744 2613 parte

616 2641 955 2710 inclusum.
1016 2644 1286 2710 Gemma
1317 2643 1569 2733 itaque,
1605 2641 1655 2708 si
1689 2663 1831 2709 eam
1865 2642 1933 2708 in
1955 2642 2227 2733 Pipereis
2245 2643 2560 2733 continuo
2577 2665 2744 2709 cres·

618 2762 914 2832 centibus
928 2786 1169 2853 ponere
1186 2761 1334 2830 velis
1347 2814 1365 2844 ,
1387 2785 1424 2829 e
1442 2761 1696 2830 duabus
1710 2761 1877 2832 foliis
1890 2816 1907 2845 ,
1929 2776 2193 2833 externo
2215 2763 2299 2832 ad
2316 2762 2614 2853 stipulam
2644 2785 2741 2830 re-

614 2883 814 2952 ducto
826 2883 1258 2973 amplectente
1276 2895 1343 2950 et
1362 2882 1619 2951 interno
1634 2883 1901 2951 normali
1910 2882 2745 2973 amplexoessetconstituta.

707 3003 1054 3092 Utriusque
1087 3016 1304 3071 autem
1354 3002 1611 3084 Tribus,
1659 3001 2326 3092 Peperomiearum
2368 3014 2435 3067 et
2480 3001 2745 3091 Piper-

617 3145 884 3190 earum
918 3121 1067 3190 folia
1101 3122 1493 3213 gravioribus
1526 3121 1907 3189 differentiis
1937 3132 2089 3187 sunt
2130 3120 2393 3187 diversa.
2485 3120 2741 3186 Illarum

613 3256 767 3311 sunt
813 3242 1180 3325 succulenta
1196 3294 1213 3323 ,
1262 3242 1480 3311 tenuia
1516 3242 1615 3308 vel
1645 3263 1843 3307 crassa
1891 3253 2006 3307 aut
2050 3237 2623 3306 coriaceo-carnosa
2643 3289 2660 3319 ,
2707 3263 2744 3306 a

616 3362 837 3430 lineari
868 3364 953 3430 ad
989 3364 1342 3432 rotundam
1379 3385 1581 3453 usque
1619 3361 1899 3436 formam
1939 3358 2276 3437 variantia,
2313 3356 2497 3426 fibris
2532 3380 2743 3427 vascu-

616 3484 856 3552 laribus
889 3484 1271 3573 plerumque
1303 3482 1700 3574 parcioribus
1731 3494 1844 3548 aut
1880 3477 2208 3570 palmatim
2264 3492 2379 3546 aut
2421 3477 2745 3568 pinnatim

617 3604 1096 3695 divergentibus
1113 3654 1131 3685 ,
1165 3603 1558 3694 simplicibus
1595 3602 1688 3668 vel
1718 3600 2099 3690 plerumque
2130 3597 2501 3667 dichotome
2536 3623 2745 3671 ramo-

618 3725 695 3792 sis
724 3738 791 3792 et
823 3723 1210 3792 reticulatim
1246 3719 1891 3799 anastomosantihus,
1938 3718 2155 3809 glabra
2188 3733 2301 3787 aut
2334 3719 2562 3809 pilosa,
2609 3743 2746 3804 cre·

619 3844 751 3911 bris
768 3844 1144 3913 stomatibus
1160 3844 1388 3911 subtus
1402 3840 1711 3932 imprimis
1727 3840 1988 3922 donata,
2018 3839 2342 3930 petiolata,
2369 3864 2510 3908 raro
2525 3838 2745 3907 sessilia

618 3964 715 4032 vel
744 3963 1182 4044 decurrentia,
1208 3963 1472 4043 alterna,
1509 3959 1831 4051 opposita,
1870 3960 2196 4028 decussata
2227 3960 2324 4027 vel
2353 3959 2745 4039 verticillata,

618 4099 686 4153 et
720 4105 968 4173 semper
997 4082 1260 4151 omnino
1293 4080 1701 4171 exstipulata,
1749 4082 1927 4149 unde
1963 4081 2319 4173 gravissima
2349 4063 2518 4145 inter
2551 4081 2744 4169 Pepe-

604 4202 884 4272 .romieas
913 4216 981 4270 et
1016 4201 1298 4291 Pipereas
1332 4199 1700 4269 differentia
1747 4202 2050 4292 petenda.
2086 4239 2177 4254 ——
2212 4203 2261 4264 E
2299 4198 2422 4265 situ
2475 4198 2743 4266 normali

619 4322 866 4392 alterno
888 4374 904 4404 ,
952 4321 1066 4392 ubi
1100 4320 1372 4412 quodvis
1405 4320 1848 4392 internodium
1881 4321 2159 4412 perfecte
2191 4317 2597 4386 efformatum
2633 4342 2747 4388 suo
