3153 5134
1600 352 1729 416 204
1847 425 1852 430 ,

590 561 793 622 Wiud.
837 560 938 638 Sp.
983 555 1140 616 Tom.
1177 554 1231 613 Ι.
1259 573 1323 634 p.
1364 548 1500 614 166.
1541 553 1618 611 Ρ.
1647 553 1996 632 pruinosum
2028 549 2102 612 H.
2135 552 2210 611 B.
2238 552 2352 617 K!
2387 554 2537 614 Nov.
2573 558 2718 616 Gen.

591 664 749 723 Tem.
783 663 840 721 1.
866 680 936 741 p.
971 655 1072 719 59.
1133 657 1229 716 Pl.
1264 654 1504 734 aequin.
1549 654 1709 714 Tom.
1747 655 1842 714 II.
1869 676 1935 734 p.
1972 652 2069 713 49.
2127 655 2479 734 Peperomia
2511 656 2721 718 Kumls
2823 715 2838 725 ,.

585 766 838 845 Synops.
888 763 1048 822 Tom.
1089 760 1145 818 I.
1169 779 1237 838 p.
1277 756 1411 817 124.
1493 754 1844 835 Peperomia
1870 757 2095 835 peltata
2131 757 2326 817 Dietr.
2367 758 2535 837 Spec.
2570 760 2627 818 1.
2651 779 2721 840 p.

587 865 723 926 142.
787 866 977 944 Piper
1004 860 1380 923 umbellatum
1418 855 1657 915 Sieber!
1693 856 1873 916 Herb.
1906 856 2148 916 Mau-tin.
2184 875 2241 915 n.
2272 858 2311 915 5
2343 869 2401 916 et
2430 859 2518 918 FI.
2547 863 2717 921 mim.

579 989 641 1028 n.
693 964 830 1026 442.
909 963 1203 1026 Heckeria
1252 960 1477 1039 peltata
1528 956 1774 1031 Kanth!
1831 959 1899 1015 in
1951 957 2225 1016 Linnaea
2276 958 2317 1018 l.
2372 980 2424 1018 c.
2462 980 2531 1039 p.
2584 962 2720 1023 565.

584 1068 884 1129 Saumrus
914 1062 1337 1142 arboreae-401.
1372 1061 1585 1140 amplis
1620 1059 1893 1119 Plumier
1923 1061 2196 1133 Americ.
2208 1081 2272 1139 p.
2304 1060 2401 1121 56.
2434 1093 2513 1107 -
2542 1062 2721 1125 Foliis

579 1166 1054 1229 membranaceis
1101 1164 1392 1242 utrinque
1440 1160 1863 1240 glabriusculis
1876 1204 1894 1236 ‚
1947 1179 2128 1239 supra
2172 1181 2374 1222 versus
2417 1166 2720 1244 margines

579 1290 859 1351 appresse
887 1265 1319 1347 pilosiusculis‚
1356 1263 1566 1324 subtus
1600 1261 1666 1321 in
1701 1262 2064 1322 venularum
2100 1271 2226 1324 rete
2259 1264 2558 1326 subtiliter
2590 1267 2714 1329 hir-

581 1372 768 1449 tellis,
820 1366 1469 1432 subovato·rotundatis
1496 1363 2055 1443 ⁴protracto-acutis,
2099 1363 2175 1424 ad
2214 1366 2360 1448 g—g}
2395 1365 2495 1426 alt.
2533 1387 2714 1447 supra

575 1475 752 1536 basin
782 1469 1380 1553 repando-cordatam
1415 1466 1678 1547 peltatis,
1713 1465 2228 1543 11—-13-nerviis‚
2262 1469 2541 1529 omnibus
2574 1490 2714 1533 con-

578 1576 899 1657 formibus,
939 1571 1302 1654 pedunculis
1334 1569 1569 1630 duobus
1604 1568 2025 1648 inaequalibus
2058 1569 2575 1652 tri-polystachyis.

656 1705 813 1755 Icon.
848 1696 1078 1753 Plnmier
1110 1695 1150 1752 l.
1185 1714 1233 1750 c.
1268 1693 1392 1750 Tab.
1431 1696 1519 1748 74.

653 1785 831 1842 lietb.
865 1782 1050 1840 Willd.
1083 1802 1139 1838 n.
1176 1784 1312 1836 705!

660 1901 964 1963 Habitat
990 1899 1141 1961 locis
1172 1896 1464 1957 umbrosis
1494 1896 1765 1956 humidis
1783 1896 1859 1965 in
1890 1895 2046 1958 Novi
2078 1896 2251 1956 Orbis
2281 1874 2593 1959 orientalis
2622 1917 2715 1960 re·

581 2004 866 2085 gionibus
889 2001 1118 2078 calidis,
1145 2001 1211 2060 in
1235 2001 1401 2060 Nova
1429 1997 1724 2076 Granada,
1751 1999 1911 2058 inter
1937 1997 2212 2078 Mompox
2241 2008 2302 2060 et
2330 2000 2716 2080 Minchiqueo

580 2107 823 2190 (Humb.
883 2114 943 2166 et
992 2103 1235 2184 Bonpl.!
1295 2104 1363 2162 in
1414 2102 1591 2162 Herb.
1639 2099 1912 2183 Willd.),
1978 2100 2283 2162 Surinami
2331 2101 2579 2183 (Fockel
2645 2105 2714 2163 in

577 2211 690 2272 Hb.
721 2208 993 2290 proprio,
1026 2207 1278 2285 Hering!
1320 2206 1386 2265 in
1412 2204 1519 2264 llb.
1537 2203 1769 2284 Vries),
1801 2206 1865 2263 in
1901 2204 2133 2269 Guiana
2164 2204 2382 2283 gallica
2412 2204 2711 2284 (Gabriell

580 2312 652 2372 in
698 2312 808 2372 llb.
842 2310 929 2371 De
960 2304 1158 2388 Lm),
1200 2308 1268 2368 in
1313 2308 1381 2368 G.
1423 2306 1661 2385 anglica
1706 2305 2180 2389 (Schomburgkl
2230 2325 2289 2365 n.
2312 2305 2454 2366 ·954
2491 2305 2568 2366 ad
2602 2305 2719 2368 Rio

581 2416 779 2493 Negro
794 2459 814 2490 ,
869 2411 934 2470 in
991 2411 1099 2471 Hb.
1154 2430 1279 2490 reg.
1331 2408 1546 2489 berol.)
1560 2454 1581 2486 ,
1640 2409 1708 2468 in
1761 2408 1939 2468 ludia
1993 2406 2391 2485 occidentali,
2448 2408 2483 2467 J
2486 2409 2715 2470 amaica
2795 2450 2796 2453 κ

576 2511 856 2598 (Plum.),
898 2510 1220 2591 DomingO,
1265 2509 1574 2572 Martinica
1616 2508 1879 2592 (Sieberl
1930 2510 1997 2570 in
2034 2509 2142 2570 Hb.
2175 2508 2383 2571 llleisn.
2417 2509 2459 2570 1.
2495 2509 2603 2593 c.),
2646 2512 2712 2572 in
2807 2538 2813 2544 ·

576 2617 887 2681 Portorico
919 2613 1221 2698 (Riedleyl
1265 2613 1330 2671 in
1365 2612 1476 2675 nb.
1510 2612 1596 2672 De
1627 2610 1808 2694 Less.)

645 2752 889 2809 ObserV.
948 2747 1233 2824 specimina
1258 2748 1505 2821 vegetiora
1530 2748 1781 2821 glabriora
1808 2748 1991 2803 subtus
2017 2730 2382 2822 glaucescentia
2407 2757 2460 2803 et
2484 2746 2715 2822 subprui-

578 2860 699 2898 nosa
730 2839 921 2893 sistunt
949 2840 1007 2893 P.
1038 2835 1402 2909 pruinosum
1433 2840 1500 2891 Η.
1529 2839 1588 2890 Β.
1621 2839 1690 2892 K.
1719 2835 1935 2891 Willd.
1970 2836 2172 2893 Herb.!

647 2932 835 2983 Frutex
861 2928 1005 2979 4-6
1034 2923 1181 2998 pedes
1209 2922 1364 2978 altus.
1417 2923 1628 2977 Caules
1656 2922 1850 2977 inferne
1876 2922 2200 2997 ligne-scentes
2223 2941 2435 2997 superne
2456 2921 2715 2992 herbacei,

575 3012 845 3072 medullosi
858 3049 875 3079 ,
911 3009 1081 3064 nodosi
1094 3049 1111 3077 ‚
1145 3008 1288 3063 nodis
1324 3028 1507 3082 parum
1542 3010 1761 3065 tumidis
1775 3049 1792 3078 ,
1828 3010 2058 3065 cicatrice
2091 3010 2325 3064 circulari
2356 3010 2588 3082 petiolari
2614 3011 2722 3065 lata

576 3101 780 3169 cinctis3
814 3105 995 3152 teretes
1023 3096 1191 3150 striati
1220 3094 1540 3169 glaber-rimi,
1579 3096 1952 3165 viridescentoe‚
1985 3095 2179 3150 inferne
2211 3094 2298 3149 bic
2323 3096 2435 3150 illic
2449 3098 2719 3165 verrucosi,

578 3189 868 3246 dichotome
891 3202 1038 3258 parce
1067 3184 1267 3240 ramosi.
1318 3173 1614 3260 Inter-nodia
1639 3184 1805 3239 variae
1834 3181 2169 3257 longitudinis
2198 3186 2346 3236 2—8
2376 3192 2511 3237 cent.
2547 3183 2722 3240 Folia

577 3274 988 3340 membranacea,
1032 3271 1273 3346 utrinque
1315 3270 1574 3344 glandulis
1616 3269 1928 3326 creberrimis
1967 3265 2326 3321 minutissimis
2364 3265 2627 3323 atrofuscis
2663 3270 2722 3323 in

577 3365 746 3423 nervis
780 3362 939 3417 etiam
975 3379 1230 3433 conspersa
1266 3359 1425 3431 (unde
1463 3359 1569 3414 luci
1601 3360 1809 3414 obversa
1839 3356 1962 3412 folia
1991 3353 2125 3409 fusce
2151 3353 2721 3428 pellucido-punctam),

580 3473 730 3528 supra
766 3459 994 3507 saturate
1029 3448 1208 3503 viridia
1235 3447 1400 3501 nitida
1426 3466 1597 3503 versus
1623 3448 1877 3522 margines
1905 3443 2212 3519 sparsissime
2240 3463 2463 3518 appresso
2492 3443 2724 3515 birtella,

582 3541 760 3599 adulta
807 3557 950 3612 saepe
992 3535 1201 3592 omnino
1245 3534 1443 3609 glabra,
1495 3536 1677 3591 subtus
1716 3533 2081 3610 glaucescentia
2121 3542 2175 3588 et
2208 3534 2457 3607 vegetiora
2491 3533 2726 3608 inprimis

580 3647 735 3706 prope
770 3644 943 3681 nervos
981 3624 1217 3698 adspectu
1254 3624 1512 3697 pruinosa,
1551 3623 1710 3699 inque
1747 3623 1941 3678 venulis
1972 3621 2227 3676 subtiliter
2259 3621 2468 3677 hirtella
2496 3622 2578 3676 vel
2603 3621 2724 3676 sub-

580 3718 845 3795 glabrata3
890 3714 1182 3769 rotundato·
1185 3711 1417 3779 cordata,
1462 3710 1685 3765 breviter
1727 3711 2048 3776 acuminata,
2094 3709 2410 3783 marginibus
2446 3709 2725 3765 extenuatis

582 3806 747 3883 planis
775 3805 920 3879 quasi
944 3800 1256 3869 suberosula,
1286 3800 1460 3874 paullo
1488 3819 1639 3873 supra
1670 3798 1813 3853 basin
1831 3797 1917 3867 (ad
1933 3800 2075 3863 3—{5
2090 3795 2182 3851 alt.
2188 3796 2438 3870 )peltata,
2469 3796 2725 3853 subtrede·

585 3893 892 3961 cimnervia,
927 3909 1080 3947 nervo
1111 3888 1274 3942 medio
1290 3886 1400 3942 scil.
1433 3885 1638 3955 trifido,
1673 3885 1840 3940 nervis
1870 3883 2075 3958 rehqms
2088 3884 2246 3939 latere
2259 3888 2496 3941 exteriore
2510 3896 2586 3940 ter
2603 3904 2728 3960 qua·

583 3995 722 4041 terve
754 3980 1076 4047 dichotomis,
1111 3977 1326 4050 exceptis
1354 3974 1659 4048 plerumque
1690 3978 1724 4028 2
1759 3971 2099 4042 inferioribus,
2141 3974 2531 4029 anastomosibus
2561 3984 2727 4029 trans·-

585 4071 740 4128 versis
766 4069 947 4126 subtus
970 4062 1377 4142 prominentibus
1405 4080 1659 4135 supraque
1690 4060 2087 4135 subprominulis
2112 4061 2391 4116 reticulatis
2398 4062 2624 4136 Junctls,
2651 4066 2725 4117 25

587 4168 721 4216 cent.
756 4157 909 4230 longa
945 4164 997 4208 ct
1029 4151 1130 4206 fere
1167 4150 1275 4204 lata
1309 4148 1390 4203 vel
1428 4158 1480 4202 et
1512 4149 1721 4221 majora.
1775 4147 1996 4203 Pctioli
2034 4148 2272 4203 foliorum
2307 4148 2620 4220 superiorum
2649 4147 2724 4202 la-

588 4247 735 4302 mina
763 4249 795 4312 3
824 4243 905 4300 vel
941 4246 974 4308 ί-
1001 4237 1274 4304 breviores,
1308 4236 1625 4310 vaginantes,
1661 4236 1727 4292 ad
1756 4242 1789 4302 ἃ
1820 4235 1913 4299 alt,
1941 4237 2187 4310 utrinque
2200 4232 2729 4289 membranaceo-alati

593 4325 800 4392 demum
845 4329 1033 4408 glabri,
1078 4331 1148 4384 12
1194 4334 1325 4382 cent.
1368 4324 1519 4399 longi.
1596 4326 1938 4383 Pcdunculi
1979 4326 2279 4399 ploeumque
2319 4322 2420 4380 duo
2456 4342 2514 4379 ex
2550 4320 2722 4379 eadem
