3153 5134
1453 364 1534 427 21

434 589 617 644 sect.
653 568 1206 664 Micropipere,
1252 569 1639 661 quibusdam
1667 571 2292 663 Acroearpidiis,
2340 575 2552 666 Pipe-

435 719 741 767 rearum
770 694 1160 785 quibusdam
1187 692 1554 774 Enckeis,
1589 691 2020 783 Piperibus
2049 695 2373 763 nonnullis
2397 695 2561 764 aliis-

435 816 587 907 que)
637 816 882 906 saepius
928 812 1372 880 densissimi
1416 825 1486 880 et
1517 811 1915 880 florescentia
1944 828 2200 904 peraeta
2233 816 2427 883 etiam
2461 815 2563 883 vix

434 935 804 1005 remotiores
823 931 1337 1026 (Peperomiis
1363 931 1656 1022 pluribus
1675 931 1964 1022 inprimis
1992 956 2030 1000 e
2060 924 2265 1003 Sect.
2302 935 2565 1028 Rhyn-

437 1056 874 1145 chophoro‚
926 1052 1373 1134 Artanthe,
1419 1053 2040 1144 Pothomorphe,
2090 1055 2561 1148 Peltobryo,

435 1174 717 1245 Chavic
733 1172 821 1263 a)
884 1171 1302 1243 Florescentia
1334 1194 1370 1239 a
1404 1170 1537 1239 basi
1563 1173 1808 1240 amenti
1836 1172 2068 1263 incipit
2099 1188 2168 1242 et
2199 1175 2386 1243 tarde
2414 1198 2566 1267 pro-

435 1286 762 1387 greditur,
810 1294 975 1362 adeo
1025 1307 1103 1360 ut
1145 1282 1323 1361 haud
1373 1315 1518 1362 raro
1563 1293 1819 1361 accidat
1862 1294 2128 1363 inferne
2155 1295 2411 1379 baccas,
2456 1322 2571 1365 su-

396 1455 401 1459 ·
441 1419 647 1507 perne
675 1404 1007 1527 virginales
1037 1413 1278 1481 flores
1258 1436 1329 1480 m
1360 1413 1591 1483 eodem
1625 1428 1888 1483 amento
1917 1415 2152 1486 adesse.
2243 1420 2322 1484 In
2351 1416 2574 1509 ripe·-

437 1534 592 1603 reis
643 1523 865 1600 tamen
910 1533 1312 1600 florescentia
1356 1533 1430 1599 in
1480 1533 1849 1600 universum
1900 1534 2091 1602 eitius
2127 1536 2572 1627 progreditur,

437 1668 509 1724 et
540 1655 611 1722 in
644 1651 1032 1742 quibusdam
1067 1673 1184 1740 per
1218 1664 1434 1720 totum
1469 1664 1805 1719 amentum
1850 1666 1947 1748 est
1995 1654 2131 1721 fere
2175 1654 2575 1725 simultanea.

442 1771 627 1841 Axis
676 1769 917 1837 amenti
965 1782 1060 1836 est
1104 1782 1220 1836 aut
1264 1768 1585 1838 filiformis
1629 1769 2034 1839 succulentus
2080 1773 2180 1840 vel
2224 1772 2577 1865 sublignes-

440 1916 597 1961 cens
615 1942 634 1971 ,
677 1878 791 1957 aut
837 1876 1098 1958 crassior
1133 1908 1435 1957 carnosus
1477 1889 1673 1958 ibveis
1718 1891 2094 1982 exsculptus,
2120 1891 2357 1982 quibus
2389 1894 2578 1963 flores

443 2009 843 2081 subimmersi
875 2022 1030 2079 sunt
1059 2010 1129 2076 in
1160 2008 1548 2100 quibusdam
1581 2012 2087 2100 Peperomiis,
2165 2015 2244 2079 In
2288 2014 2421 2081 aliis
2457 2015 2583 2083 du-

446 2147 636 2204 rante
662 2129 1060 2201 ssoreseentia
1092 2131 1449 2223 elongatur,
1501 2130 1573 2198 in
1603 2130 1735 2198 aliis
1767 2130 2180 2223 longitudine
2202 2132 2303 2201 vix
2339 2133 2584 2203 incres-

450 2256 575 2337 cit,
636 2255 747 2322 sed
796 2253 1093 2321 crassitie
1125 2265 1402 2344 augetur
1466 2252 1567 2320 uti
1591 2237 1596 2241 ’
1617 2251 1688 2319 in
1743 2253 2251 2342 Peperomiae
2306 2246 2589 2325 sectione

451 2373 1140 2468 Rhynchophoro‚
1205 2386 1273 2441 et
1334 2385 1546 2440 tumet
1591 2386 1659 2440 et
1722 2393 2014 2440 succosus
2053 2387 2151 2441 est
2198 2373 2266 2440 in
2319 2376 2588 2443 maturis

451 2495 839 2566 Ghavicae
870 2492 1140 2561 amentis
1170 2478 1477 2562 femineis.
1558 2496 1638 2558 In
1667 2492 2012 2560 diclinibus
2044 2506 2299 2562 amenta
2330 2517 2587 2564 maseu-

453 2618 590 2685 lina
621 2629 773 2683 sunt
805 2614 1092 2705 longiora
1126 2614 1417 2682 tenuiora
1453 2636 1652 2704 quam
1683 2614 1985 2683 feminea.

549 2741 629 2803 In
674 2733 1317 2827 praefloratione
1374 2755 1596 2800 omnes
1649 2731 1825 2802 floris
1872 2727 2084 2824 partes
2135 2746 2350 2801 rectae
2396 2748 2585 2818 sunt;

458 2855 966 2925 filamentum
1003 2852 1437 2921 brevissimum
1469 2866 1719 2919 rectum
1750 2867 1895 2945 post
1921 2854 2258 2922 antheram
2281 2855 2420 2945 jam
2451 2854 2588 2924 fere
2689 2847 2693 2852 ’

456 2976 811 3069 perfectam
842 2976 1214 3066 elongatur,
1261 2988 1331 3040 et
1362 2974 1671 3041 rarissime
1700 2975 1925 3042 saltem
1949 2974 2209 3065 juniora
2244 2988 2593 3044 transverse

460 3096 698 3189 plicata
734 3094 1051 3163 videntur.
1099 3082 1105 3087 ’
1140 3094 1495 3161 Antheram
1543 3093 1615 3160 in
1645 3095 1807 3163 flore
1847 3094 2138 3187 virginali
2174 3096 2489 3164 deflexam
2519 3094 2592 3163 in

463 3216 654 3285 unica
698 3215 920 3281 saltem
965 3213 1293 3282 Chavica
1340 3213 1947 3308 corylistachya
1990 3214 2141 3284 vidi.

559 3337 942 3403 Bracteae
990 3334 1668 3425 Peperomiearum
1719 3348 1874 3402 sunt
1935 3334 2317 3416 herbaceae,
2382 3357 2596 3403 mem-

467 3449 819 3523 branaceae
837 3506 854 3536 ,
901 3455 1311 3523 succulentae
1340 3455 1438 3521 vel
1468 3475 1801 3536 carnosae,
1848 3445 1985 3522 fere
2017 3477 2264 3547 semper
2294 3455 2558 3546 glabrae
2575 3508 2594 3539 ,

473 3576 749 3644 breviter
796 3564 1215 3666 pedicellatae
1241 3576 1339 3641 vel
1388 3574 1618 3642 sessiles
1637 3627 1654 3656 ‚
1710 3589 1935 3643 centro
1967 3567 2064 3643 rel
2098 3575 2265 3643 infra
2309 3576 2597 3643 medium

473 3687 768 3788 peltatim
803 3683 1061 3776 affixae,
1111 3696 1496 3765 orbicularoe
1529 3694 1620 3762 vel
1655 3719 1798 3764 raro
1827 3695 2147 3788 oblongae
2165 3748 2182 3777 ,
2220 3694 2604 3765 viridescen-

478 3831 608 3898 tes,
655 3816 834 3883 haud
881 3840 1026 3885 raro
1074 3817 1487 3907 glandulosae
1506 3869 1523 3898 ,
1572 3815 1964 3908 marginibus
2005 3818 2149 3908 plus
2182 3818 2393 3886 minus
2424 3832 2607 3887 exte-

470 3936 692 4004 nuatis
722 3936 998 4028 pallidae
1035 3937 1129 4004 vel
1164 3937 1604 4005 subcoloratae
1622 3989 1639 4018 ‚
1687 3937 2063 4005 immediate
2105 3938 2271 4007 infra
2322 3937 2607 4006 ovarium

483 4056 739 4139 affixae,
785 4057 1308 4147 persistentes
1355 4057 1424 4123 in
1467 4059 2067 4149 Acrocarpidio,
2121 4055 2607 4137 Verhuellia‚

480 4171 852 4258 Erasmia‚
897 4174 1190 4267 plurimis
1237 4178 1709 4267 Peperomiis
1755 4179 2082 4270 (omnibus
2132 4178 2327 4266 hujus
2362 4176 2611 4267 generis

477 4287 806 4387 speciebus
852 4293 1321 4389 gerontogaeis)
1390 4309 1504 4363 aut
1551 4297 1944 4365 deciduae
1994 4297 2062 4364 in
2114 4295 2612 4389 Phyllobryo
