3153 5134
1424 404 1505 465 13

398 612 552 683 folio
584 612 975 679 instructum
1007 622 1130 688 est,
1180 606 1459 697 reliquae
1489 607 1646 675 situs
1693 607 2094 677 differentiae
2135 613 2521 702 repetendae

399 733 722 801 videntur.
814 728 1066 796 Accidit
1115 728 1182 794 in
1233 727 1620 818 quibusdam
1673 728 1999 818 speciebus
2047 740 2128 798 ut'
2173 731 2322 800 folia
2363 732 2523 799 infe-

398 853 562 920 riora
612 849 904 941 opposita
923 900 940 929 ,
999 846 1335 938 superiora
1376 847 1624 915 alterna
1676 847 1805 915 sint
1823 899 1841 929 ‚
1907 850 2229 919 contrario
2278 851 2347 917 in
2393 833 2527 918 aliis

396 972 646 1041 ordine.
737 968 858 1035 Ubi
910 967 1060 1036 folia
1114 946 1406 1058 opposita
1459 983 1616 1036 sunt
1634 1019 1651 1048 ‚
1697 991 1735 1035 e
1780 966 2116 1039 contracto
2152 966 2525 1041 internodio

395 1090 715 1180 superiore
758 1087 930 1156 effici
980 1086 1236 1155 videtur
1256 1138 1273 1168 ,
1340 1100 1419 1155 ut
1464 1087 1691 1156 folium
1742 1090 1924 1178 quod
1971 1078 2257 1179 superius
2310 1092 2528 1182 typice

397 1209 646 1292 fuisset,
684 1229 861 1276 nunc
895 1205 1180 1274 inferiori
1211 1205 1503 1297 proximo
1537 1220 1928 1298 opponatur.
1974 1207 2146 1276 Situs
2176 1204 2528 1300 aliquando

397 1327 844 1418 suboppositus
874 1325 945 1393 in
978 1326 1206 1394 eadem
1236 1326 1435 1417 stirpe
1464 1327 1638 1396 inter
1679 1327 2128 1397 alternativum
2173 1344 2244 1398 et
2276 1331 2527 1422 opposi-

396 1463 539 1517 tum
566 1445 992 1515 intermedius
1018 1445 1198 1513 haud
1227 1468 1370 1514 raro
1403 1451 1540 1514 rem
1566 1448 1844 1516 illustrat
1870 1463 1937 1517 et
1960 1446 2310 1519 internodii
2338 1452 2527 1519 abor·

396 1567 509 1637 tivi
561 1566 1011 1635 rudimentum
1061 1564 1278 1632 offert.
1361 1566 1837 1634 Praefoliatonis
1883 1568 2050 1636 ratio
2100 1566 2269 1648 hanc
2318 1571 2527 1662 legem

394 1685 668 1756 ulterius
699 1684 1079 1764 confirmat,
1127 1704 1279 1749 nam
1313 1683 1385 1749 in
1420 1684 2090 1774 Peperomie'arum
2125 1687 2292 1756 foliis
2319 1708 2529 1778 oppo-

392 1805 534 1873 sitis
578 1826 828 1893 semper
871 1824 1078 1870 unum
1132 1815 1279 1891 post
1324 1803 1603 1870 alterum
1653 1803 1977 1872 efformari
2027 1805 2372 1897 alteroque
2393 1820 2529 1876 am-

391 1926 655 2017 plexum
687 1945 818 1990 esse
848 1934 1125 2018 constat.
1216 1921 1589 1989 Merithallia
1637 1923 1858 2013 itaque
1889 1923 1996 1991 hic
2028 1925 2338 1997 habemus
2369 1926 2529 1999 *mo-

396 2040 711 2137 nophylla
773 2066 894 2111 nec
955 2063 1099 2109 vere
1160 2041 1452 2134 diphyua
1469 2093 1487 2123 ‚
1551 2042 1764 2134 qualia
1830 2043 1901 2111 in
1963 2044 2122 2113 aliis
2156 2048 2530 2137 plantarum

396 2165 738 2234 ordinibus
770 2177 1011 2231 exstare
1042 2177 1446 2252 compertum
1477 2177 1593 2232 est.
1685 2163 1878 2248 Quod
1915 2164 2001 2232 de
2028 2146 2196 2234 foliis
2227 2169 2534 2258 oppositis

400 2286 568 2354 valet
587 2338 604 2367 ‚
652 2285 739 2352 de
767 2280 1155 2379 verticillatis
1173 2333 1191 2363 ‚
1238 2305 1406 2372 quae
1439 2283 1620 2350 haud
1666 2306 1808 2351 rara
1853 2284 1925 2351 in
1958 2284 2080 2352 hac
2115 2286 2526 2371 Tribusunt‘,

400 2429 537 2476 non
571 2406 819 2473 minore
851 2401 1304 2493 probabilitate
1335 2403 1664 2472 statuitur.
1756 2406 2061 2493 Persaepe
2109 2406 2260 2475 folia
2305 2409 2531 2475 decus-

396 2526 581 2595 satim
640 2524 931 2616 opposita
980 2522 1328 2593 contractis
1362 2523 1593 2592 sensim
1638 2523 2020 2595 internodiis
2054 2524 2126 2593 in
2173 2541 2487 2617 quaterna
2507 2580 2525 2610 ‚

399 2646 600 2738 quina
616 2696 635 2728 ,
679 2667 829 2711 sena
867 2643 1136 2711 transire
1170 2643 1481 2713 videmus.
1571 2648 1739 2712 Haec
1770 2645 1822 2711 si
1853 2658 2105 2714 attenta
2150 2664 2374 2717 mente
2415 2673 2529 2718 ex-

403 2768 643 2857 plores,
680 2778 925 2855 puncta
960 2762 1318 2829 insertionis
1350 2763 1684 2844 foliorum,
1718 2764 2167 2854 magnitudine
2196 2768 2389 2835 etiam
2423 2769 2532 2837 di-

400 2908 718 2954 versorum
745 2881 1179 2975 (inferioribus
1203 2881 1575 2971 majoribus)
1597 2905 1729 2950 non
1753 2883 1823 2950 in
1849 2881 2080 2951 eodem
2103 2885 2298 2975 plano
2313 2888 2533 2977 jacere

403 3005 680 3083 videbis,
725 3003 856 3072 imo
890 3002 1103 3070 axium
1134 3015 1621 3070 contractorum
1664 3001 1921 3094 vestigia
1954 3001 2304 3094 aliquando
2351 3031 2532 3098 repe-

401 3124 544 3193 ries.
631 3123 774 3191 Axis
824 3122 938 3213 qui
986 3144 1174 3212 supra
1227 3121 1542 3210 ejusmodi
1580 3122 1880 3191 foliorum
1927 3124 2216 3214 spurium
2263 3127 2534 3196 verticil-

402 3246 543 3313 lum
574 3244 940 3339 continuat,
974 3242 1059 3309 ad
1095 3264 1300 3310 unum
1331 3256 1593 3310 tantum
1623 3264 1850 3311 eorum
1881 3243 2181 3313 foliorum
2214 3249 2531 3336 pertinet,

401 3363 672 3455 gemmis
743 3361 1102 3430 axillaribus
1167 3361 1557 3452 reliquorum
1616 3362 2097 3446 fatiscentibus,
2160 3366 2256 3432 vel
2329 3368 2532 3458 pluri-

403 3483 526 3550 mis
570 3506 790 3551 earum
838 3480 1188 3550 efformatis
1232 3481 1764 3551 ramificationem
1798 3484 2233 3554 dichotomam
2270 3489 2367 3554 vel
2399 3511 2534 3557 ver-

407 3603 743 3673 ticillatam
800 3599 1389 3671 constistuentibus.
1491 3606 1624 3671 Hac
1678 3604 2030 3673 verticillati
2068 3607 2226 3674 situs
2285 3608 2536 3677 ratione

403 3723 742 3814 singularis
788 3721 983 3790 etiam
1033 3721 1188 3790 nodi
1241 3722 1559 3790 articulati
1614 3723 1849 3813 species
1908 3725 2148 3808 oritur,
2213 3741 2534 3797 structura

408 3866 614 3933 aeque
660 3866 734 3910 ac
786 3841 1034 3933 origine
1082 3842 1178 3911 sui
1227 3842 1498 3934 generis.
1553 3881 1642 3895 --
1690 3843 2173 3913 Petiolorum
2225 3848 2355 3916 lata
2401 3848 2536 3916 basi

407 3963 792 4055 plerumque
840 3961 1397 4053 subvaginantium
1449 3964 1657 4032 forma
1711 3963 1938 4031 iisdem
2000 3965 2379 4034 differentiis
2426 3969 2533 4034 in-

408 4083 642 4175 signita
675 4096 799 4164 est,
836 4106 911 4151 ac
944 4082 1016 4151 in
1049 4083 1303 4173 reliquis
1333 4083 1570 4174 plantis
1599 4083 1742 4151 fieri
1775 4084 1963 4165 solet3
2003 4085 2068 4151 in
2105 4085 2271 4154 soliis
2304 4087 2556 4155 rotun?

402 4203 510 4271 dis
560 4203 654 4275 vel
689 4202 947 4296 peltatis
987 4214 1219 4270 teretes
1251 4204 1347 4270 vel
1377 4204 1762 4284 subter-etes,
1810 4204 1880 4272 in
1915 4202 2209 4296 oblongis
2243 4205 2536 4296 reliquis-

404 4347 538 4415 que
566 4324 955 4395 semiteretes
983 4321 1196 4392 antice
1225 4323 1368 4412 plus
1400 4323 1614 4391 minus
1642 4323 2068 4393 canaliculati.
2162 4328 2239 4391 In
2272 4325 2538 4415 quibus·
