3153 5134
1125 1743 1833 1877 PRAEFATIO.

623 2661 849 2765 Inter
913 2722 988 2763 ea
1024 2720 1223 2784 *quae
1275 2710 1512 2763 nostra
1570 2710 1787 2762 aetate
1842 2701 2159 2763 scientiae
2217 2698 2554 2765 botanicae

421 2842 671 2910 magno
744 2820 1178 2885 emolumento
1245 2831 1403 2886 sunt
1424 2868 1444 2897 ,
1487 2830 1644 2883 ante
1688 2822 1916 2883 omnia
1974 2842 2304 2885 summam
2355 2819 2558 2885 laudo

424 2942 944 3032 liberalitatem,
1000 2961 1135 3025 qua
1181 2939 1463 3004 Masaea
1508 2938 1784 3024 publica
1805 2992 1810 2997 .
1828 2950 1889 3002 et
1927 2941 2214 3024 privata
2260 2943 2357 3003 iis
2401 2963 2550 3027 ape-

420 3065 706 3126 riuntur
724 3110 743 3141 ‚
823 3062 948 3146 qui
1027 3061 1327 3124 universi
1407 3057 1764 3146 cujusdam
1815 3058 2227 3144 plantarum
2292 3059 2557 3124 ordinis

422 3184 969 3247 retractationem
1001 3181 1372 3262 molientes,
1419 3184 1487 3245 si
1515 3183 1795 3267 privata
1827 3180 2071 3243 saltem
2102 3182 2554 3268 suppellectili

419 3313 767 3365 uterentur
782 3349 801 3380 ‚
850 3300 1141 3389 frustra
1205 3323 1448 3364 manus
1497 3299 1592 3363 ad
1639 3322 1908 3386 operam
1955 3279 2358 3368 movissent.⁸
2436 3302 2553 3367 Ea

419 3424 598 3485 enim
634 3420 832 3485 bodie
863 3420 1219 3486 Botanices
1251 3420 1568 3510 dignitas
1603 3433 1701 3485 est
1717 3466 1734 3499 ,
1780 3432 1859 3484 ut
1880 3421 2294 3507 posthabitis
2316 3425 2555 3508 priva-

422 3552 530 3606 tae
573 3543 966 3606 ambitionis
1012 3543 1394 3606 rationibus
1436 3565 1657 3605 omnes
1703 3544 1782 3603 in
1824 3543 2141 3605 scientiae
2184 3546 2555 3608 incremena

421 3672 572 3725 tum
632 3674 938 3748 tanquan
996 3665 1072 3725 in
1123 3685 1331 3727 unum
1383 3684 1793 3726 communem
1842 3683 2109 3745 scopum
2157 3666 2557 3749 conspirent.

424 3778 517 3846 Id
544 3801 649 3844 me
679 3781 756 3844 de
787 3782 1173 3868 Piperaceis
1207 3783 1600 3845 scribentem
1632 3782 1927 3845 maxime
1955 3794 2294 3866 expertum
2308 3782 2560 3870 fuisse,

429 3899 646 3965 laetus
674 3900 851 3965 mibi
874 3902 1203 3990 gratulor
1236 3914 1298 3965 et
1327 3904 1406 3965 in
1444 3902 1681 3965 limine
1714 3903 1933 3987 operis
1961 3922 2272 3987 exponere
2282 3902 2413 3990 fas
2442 3915 2559 3982 est,

424 4039 508 4085 ne
536 4044 698 4107 opus
731 4021 1033 4088 humeris
1062 4026 1357 4111 gravius
1391 4025 1755 4109 suscepisse
1791 4020 2041 4108 videar.

519 4142 703 4208 Cum.⁴
731 4147 1113 4229 enimquae
1145 4156 1344 4208 antea
1377 4143 1463 4207 de
1486 4144 1878 4230 Piperaceis
1914 4144 2335 4229 scripsissem
2351 4142 2569 4235 frag-‘-

420 4274 648 4331 menta
699 4263 1141 4352 ponderarem
1205 4276 1267 4329 et
1330 4276 1544 4331 totum
1610 4263 1914 4330 ordi-nem
1968 4276 2265 4330 tractare
2313 4287 2566 4331 mecum
