3153 5134
1501 351 1510 358 ’
1618 344 1745 407 320

694 562 753 623 9.
852 562 1086 631 Piper
1145 545 1647 612 arborescens
1708 535 2032 619 Roxhurgh
2089 535 2178 596 Fl.
2224 532 2423 594 India.
2479 533 2638 593 Tem.
2686 532 2742 591 I.

598 688 666 747 p.
706 660 839 726 169.
918 658 1162 720 Blume!
1224 656 1294 712 in
1350 652 1411 713 V
1403 648 1521 709 erla.
1570 648 1788 707 Baiav.
1847 642 2120 701 Genoots.
2169 639 2326 697 Tem.
2362 636 2480 698 XI.
2507 656 2571 715 p.
2609 633 2743 695 182.

609 769 826 828 Enum.
869 765 955 844 pt.
1008 761 1200 821 Javae
1236 758 1400 837 fasc.
1447 753 1504 812 I.
1551 770 1612 831 p.
1648 747 1746 809 67.
1833 746 2064 806 Sirium
2097 741 2467 801 arsamum
2503 740 2742 800 tertium

613 869 867 950 Rumph.
905 865 1080 927 Herb.
1108 860 1284 921 Amh.
1324 859 1481 917 Tom.
1522 854 1594 913 V.
1619 874 1680 933 p.
1711 849 1807 911 46.
1861 847 2044 908 Caule
2075 844 2363 929 fruticoso
2390 842 2748 916 scandente,

610 974 775 1036 foliis
818 966 1164 1049 junioribus
1216 953 1691 1019 membranaceis
1706 998 1725 1028 ,
1782 949 2003 1011 adultis
2036 943 2536 1009 crasso-coriaceis
2567 960 2748 1021 supra

612 1074 821 1138 nitidis
837 1119 856 1150 ,
900 1070 1109 1130 subtus
1142 1058 1660 1142 glaucescentibus
1693 1055 1761 1113 in
1792 1051 2064 1112 nervulis
2087 1047 2431 1129 puberulis‚
2465 1043 2750 1124 ellipticis

613 1179 716 1241 vel
748 1167 1257 1248 ovato-ellipticis,
1296 1159 1655 1237 suboblique
1693 1154 1956 1214 breviter
1990 1148 2371 1224 acuminatis,
2412 1147 2539 1206 basi
2586 1145 2749 1206 inae-

617 1279 789 1363 quali
820 1268 1266 1337 subrotundatis
1282 1311 1301 1341 ,
1341 1258 1687 1344 quintupli—
1720 1256 1819 1316 vel
1851 1249 2476 1334 subseptuplinerviis‚
2517 1247 2752 1327 pedun-

617 1384 772 1446 culis
834 1376 1087 1460 petiolos
1163 1370 1403 1432 circiter
1451 1360 1849 1443 aequantibus
1869 1404 1888 1434 ,
1941 1356 2195 1418 amentis
2239 1372 2414 1414 masc.
2469 1351 2754 1411 brevibus

618 1487 837 1549 leviter
861 1476 1155 1552 curvatis,
1194 1470 1454 1534 bracteis
1478 1452 1947 1537 orbicularibus‚
1980 1460 2325 1520 brevissime
2350 1454 2752 1535 pedicellatis,

622 1587 890 1651 diandris
906 1632 925 1663 ‚
979 1578 1253 1642 femineis
1301 1571 1681 1634 filiformibus
1731 1564 2014 1646 pendulis
2064 1561 2310 1623 tandem
2359 1557 2750 1639 longissimis,

616 1690 871 1755 bracteis
923 1676 1449 1757 lineari-oblongis
1500 1672 1798 1735 sessilibus
1818 1714 1838 1746 ‚
1891 1666 2267 1747 stigmatibus
2318 1663 2425 1724 3-
2439 1663 2477 1722 4
2498 1708 2518 1739 ,
2557 1661 2754 1722 baccis

620 1793 908 1873 oblongis.

689 1945 848 1997 Icon.
882 1932 1108 2008 Rumph.
1136 1931 1176 1986 l.
1210 1949 1255 1986 c.
1282 1927 1406 1983 Tab.
1440 1928 1533 1980 28.
1565 1923 1658 1996 fig.
1693 1927 1744 1977 1.
1781 1917 2020 1991 (amentis
2038 1914 2398 1991 juvenilibus.)
2435 1912 2615 1967 Blume
2644 1911 2684 1967 l.
2712 1929 2756 1965 c.

617 2031 708 2105 fig.
736 2033 807 2083 12
838 2026 959 2081 folia
988 2022 1186 2097 xylogr.

704 2142 1010 2207 Habitat
1036 2139 1266 2217 ubique
1298 2134 1366 2193 in
1391 2130 1569 2212 sylvis
1597 2124 2127 2198 Amboinensium‚
2153 2117 2504 2198 praesertim
2531 2117 2597 2175 in
2622 2111 2759 2175 sinu

625 2268 816 2332 prope
866 2247 1016 2305 Batu
1068 2241 1307 2314 Luban,
1348 2236 1507 2315 Ayer
1541 2234 1706 2293 Guro
1744 2230 1910 2289 Guro
1928 2271 1948 2303 ‚
1989 2227 2055 2284 in
2087 2221 2286 2302 parvis
2318 2218 2760 2299 scopulosis'in·

628 2354 804 2427 sulis,
837 2350 994 2409 inter
1021 2343 1380 2405 Amboinam
1407 2345 1468 2398 et
1493 2335 1528 2394 J
1531 2354 1702 2394 avam
1715 2377 1733 2408 ,
1764 2332 1830 2390 in
1866 2336 1988 2389 toto
2023 2324 2421 2405 Archipelago
2451 2323 2529 2382 St.
2554 2320 2761 2381 Lazari

627 2452 915 2540 (Rumph.
952 2449 992 2508 l.
1029 2467 1081 2508 c.
1118 2445 1307 2528 Roxb.
1339 2443 1379 2501 l.
1415 2438 1513 2521 c.);
1556 2438 1621 2495 in
1666 2435 1848 2494 Javae
1881 2414 2058 2511 sylris
2091 2427 2167 2489 ad
2207 2426 2434 2512 pedem·
2461 2424 2760 2486 montium

632 2555 1029 2622 elevatiorum
1062 2543 1528 2612 occidentalium
1560 2538 1827 2622 (Blume!
1858 2534 1901 2594 1.
1931 2551 1982 2594 c.
2015 2540 2075 2593 et
2105 2532 2172 2591 in
2202 2530 2381 2591 Herb.
2416 2526 2605 2608 Lugd.
2636 2527 2761 2588 Bat.

630 2659 930 2724 Schmidt!
974 2656 1042 2714 in
1075 2652 1255 2713 Herb.
1292 2669 1420 2726 reg.
1460 2640 1696 2722 berol.);
1740 2642 1806 2700 in
1842 2637 2146 2700 montibus
2177 2632 2583 2695 Nil-Gherries
2607 2630 2765 2713 (Per-

632 2766 846 2828 rottet!
890 2762 957 2820 in
994 2756 1173 2818 Herb.
1209 2754 1295 2812 De
1330 2745 1528 2829 Less.);
1573 2747 1640 2806 in
1671 2745 1917 2823 Penang
1954 2741 2183 2822 (wall.!
2224 2739 2363 2798 List.
2398 2757 2459 2797 n.
2483 2734 2643 2798 6643
2674 2731 2768 2815 Ε.)

710 2863 1019 2928 Malaice
1079 2859 1196 2919 Siri
1259 2856 1440 2929 Utan,
1497 2849 1680 2929 Tjabe
1746 2848 1897 2907 Utan
1916 2891 1935 2922 ‚
1958 2888 1964 2893 -
1991 2845 2069 2905 ob
2124 2840 2409 2903 corticem
2458 2856 2763 2912 amarum,

633 2970 789 3034 amb
799 2969 867 3031 oi
878 2968 998 3027 nic
1011 2985 1045 3024 e
1060 2958 1426 3022 Ammelaun
1442 2953 1629 3015 tallan
1644 2951 1792 3012 laun
1809 2967 2017 3023 manu,
2036 2945 2221 3005 Camu
2238 2943 2424 3002 Maiite
2437 2935 2766 3023 (Rumph.),

632 3076 701 3135 in
745 3074 780 3133 J
790 3090 916 3133 ava
961 3066 1148 3128 Badas
1201 3062 1400 3121 Outan
1414 3102 1433 3135 ‚
1493 3055 1646 3116 Sirie
1696 3049 1949 3112 Lewink
1960 3094 1980 3125 ,
2038 3046 2208 3107 Rinis
2260 3043 2471 3104 Manok
2519 3046 2767 3102 vocatur

704 3321 892 3373 Frutex
919 3308 1159 3367 altissime
1188 3304 1430 3362 scandens
1458 3321 1490 3356 a
1518 3297 1701 3375 pollice
1732 3293 1798 3351 ad
1828 3292 2096 3349 brachium
2118 3287 2327 3345 infantis
2347 3304 2552 3344 crassus.
2594 3281 2771 3339 Rami

632 3402 911 3464 dichotomi
967 3393 1230 3455 divaricati
1244 3434 1263 3462 ‚
1327 3389 1541 3447 flexuosi
1554 3428 1573 3456 ,
1643 3383 1874 3441 striulati
1889 3420 1908 3450 ‚
1956 3376 2349 3435 nodowtumidi
2362 3416 2380 3445 ‚
2433 3371 2740 3429 verruculosi
2755 3409 2775 3441 ‚

635 3492 865 3552 ramuli
911 3487 1075 3545 striati
1089 3525 1108 3555 ‚
1157 3479 1469 3559 squamulosi
1532 3486 1587 3530 et
1654 3470 1926 3528 tenerrime
1967 3465 2204 3543 puberuli
2218 3503 2236 3533 ‚
2286 3460 2587 3518 internodiis
2630 3464 2777 3516 3-7

638 3591 775 3642 cent.
812 3578 989 3652 longis.
1091 3572 1267 3629 Folia
1309 3565 1720 3631 membranacea,
1774 3559 1984 3614 demum
2034 3552 2436 3610 crasso-oofiaoea
2481 3548 2776 3624 rigidnque,

639 3689 789 3746 snpra
833 3665 1025 3733 nitida,
1077 3661 1254 3736 glabra
1269 3697 1288 3726 ‚
1337 3653 1499 3711 laevia
1513 3690 1531 3721 ‚
1583 3650 1773 3706 lineata
1789 3687 1808 3717 ‚
1844 3645 2022 3702 subtus
2051 3638 2598 3717 glaucescenti-pallida
2621 3646 2673 3691 et
2698 3635 2782 3690 im

643 3757 824 3837 primis
851 3756 908 3810 in
939 3750 1104 3808 nervis
1134 3743 1485 3823 pubescentia,
1523 3737 1774 3814 petiolis
1808 3733 1998 3810 glabris
2022 3731 2188 3793 antice
2216 3725 2587 3799 canaliculatis‚
2613 3738 2781 3780 versus

641 3849 789 3908 basin
816 3841 1073 3918 stipulis
1098 3834 1328 3911 angustis
1348 3826 1744 3887 membranaceis
1772 3822 1956 3888 auctis,
1981 3816 2306 3874 inferioribus
2327 3815 2600 3889 superiores
2619 3808 2779 3884 duplo

641 3931 996 4013 superantibus
1026 3927 1130 3983 fere
1159 3929 1195 3979 3
1222 3931 1355 3978 cent.
1384 3918 1547 3992 longis
1572 3922 1797 3971 sustenta
1811 3950 1828 3978 ‚
1865 3905 2092 3980 elliptica
2119 3902 2199 3959 vel
2228 3901 2632 3975 ovato-oblonga,
2664 3897 2777 3955 basi

644 4023 901 4100 inaequali
947 4015 1246 4080 rotundata,
1300 4009 1464 4064 rarius
1510 4002 1772 4076 (inferiora
1821 4007 1873 4051 et
1905 3994 2073 4068 stirpis
2092 3991 2359 4067 juvenilis)
2393 3989 2492 4045 sere
2519 3988 2751 4065 aequalia
2766 4025 2786 4052 ,

646 4116 783 4191 apice
830 4105 1086 4181 obliquius
1113 4111 1164 4155 et
1194 4098 1414 4153 breviter
1442 4091 1765 4152 acuminata,
1801 4086 2017 4139 10—14
2050 4090 2185 4135 cent.
2212 4077 2395 4150 longa,
2430 4081 2611 4147 5-7}
2639 4075 2780 4140 lata,

685 4191 1078 4271 uintuplincrvia
1095 4230 1112 4258 .‚
1147 4185 1312 4243 nervis
1357 4179 1654 4237 lateralibus
1685 4172 2006 4230 inferioribus
2032 4188 2061 4223 e
2086 4167 2194 4222 basi
2223 4165 2345 4221 ortis
2371 4164 2438 4220 ad
2470 4169 2504 4230 ἑ
2533 4163 2627 4218 alt.
2656 4161 2781 4216 duc-
