3153 5134
1621 349 1710 413 20

691 558 1117 641 Amentorum
1153 553 1361 637 forma
1395 567 1465 635 et
1496 553 1886 646 magnitudo
1925 576 2046 645 pro
2076 554 2258 624 variis
2293 554 2635 646 generibus
2664 570 2734 629 et

605 676 935 770 speciebus
960 675 1316 744 admodum
1352 673 1630 743 diversae
1661 688 1836 745 sunt.
1912 676 2373 745 Pedunculo
2406 700 2515 745 seu
2549 703 2735 751 axeos

601 810 787 889 parte
819 795 996 864 nuda
1021 795 1166 885 plus
1196 794 1408 862 minus
1437 794 1630 886 longa
1660 795 1873 864 omnia
1889 846 1907 876 ‚
1944 795 1994 862 si
2017 794 2419 886 paucissimas
2430 799 2728 892 excipias,

599 917 912 985 instructa
965 929 1139 983 sunt.
1242 915 1515 981 Amenta
1580 928 1733 982 sunt
1785 914 2141 1013 cylindriea
2160 966 2179 997 ‚
2244 917 2541 1009 elongata
2558 971 2576 1002 ‚
2656 920 2727 988 in

599 1035 991 1128 quibusdam
1055 1032 1417 1125 longissima
1484 1032 1801 1122 bipedalia
1860 1047 1927 1101 et
1980 1034 2267 1126 longiora
2316 1036 2407 1127 (in
2440 1039 2627 1107 Arta
2639 1063 2728 1107 n-

605 1155 692 1223 th
704 1178 778 1223 es
807 1177 904 1245 sp.
932 1149 1342 1245 quibusdam)
1378 1152 1448 1218 in
1472 1152 1610 1220 aliis
1640 1152 2004 1220 abbreviata
2034 1177 2233 1223 crassa
2265 1157 2727 1250 comeo-cylin-

604 1274 785 1343 drica
837 1271 1214 1366 (Chavica)
1233 1324 1250 1353 ‚
1304 1271 1619 1341 rarissime
1664 1272 1846 1341 valde
1896 1273 2258 1343 abbreviata
2301 1276 2681 1367 subglobosa
2703 1329 2723 1361 ,

605 1395 706 1485 (in
756 1393 1496 1484 Sphaerostacbyde
1543 1392 1691 1461 novi
1725 1393 1897 1462 orbis
1930 1406 1995 1462 et
2020 1394 2392 1463 Chavicae
2420 1413 2725 1488 geronto-

600 1510 1585 1607 gaeaesect.Sphaerostachyo)‚
1617 1512 1943 1581 filiformia
1973 1514 2054 1580 Pi
2066 1515 2303 1604 peris,
2340 1517 2724 1600 Cubebae‚

600 1635 1019 1725 aliorumque.
1110 1636 1189 1700 In
1237 1631 1686 1722 Piperaceis
1734 1633 1923 1700 Novi
1976 1633 2206 1701 Orbis
2253 1634 2547 1728 longiora
2582 1639 2732 1728 ple-

600 1776 878 1845 rumque
903 1776 1031 1821 esse
1058 1753 1268 1822 solent
1297 1751 1471 1818 acin
1496 1751 2084 1844 gerontogaeis.
2145 1757 2224 1820 In
2254 1757 2732 1846 Peperomiis

599 1874 944 1963 aliquando
978 1895 1304 1963 suppressa
1332 1869 1639 1939 foliorum
1672 1871 2037 1940 evolutione
2068 1874 2371 1955 normali,
2417 1875 2502 1942 ad
2534 1877 2734 1946 caulis

603 2014 1007 2062 rumorumve
1056 1989 1359 2060 verticem
1406 2005 1665 2059 amenta
1710 2014 2018 2083 cymose
2064 1994 2164 2060 vel
2206 1995 2731 2083 paniculatim

601 2124 903 2203 congesta
936 2124 1117 2194 sunt3
1165 2110 1359 2190 foliis,
1406 2133 1443 2179 e
1476 2133 1758 2200 quorum
1802 2111 1997 2180 axillis
2029 2113 2352 2204 singulum
2389 2129 2723 2183 amentum

601 2243 898 2301 exortum
946 2243 1042 2298 est
1056 2278 1075 2309 ‚
1142 2242 1258 2296 aut
1304 2228 1499 2320 plane
1548 2229 2004 2299 deficientibus
2023 2282 2041 2313 ,
2106 2244 2221 2299 aut
2274 2229 2361 2298 ad
2411 2232 2727 2301 minorem

597 2348 1119 2442 magnitudinem
1147 2349 1467 2438 aliamque
1487 2349 1765 2418 formam
1790 2349 2095 2431 redactis,
2126 2362 2192 2417 et
2214 2373 2551 2440 perperam
2576 2352 2729 2421 olim

597 2472 861 2561 spathae
912 2470 1119 2537 dietis.
1212 2469 1619 2555 Memorabile
1645 2470 2018 2549 ¹admodum
2082 2469 2398 2558 ejusmodi
2445 2471 2731 2547 inflores-

602 2590 853 2661 centiae
900 2590 1305 2682 paniculatae
1356 2590 1720 2680 exemplum
1762 2590 1831 2655 in
1864 2591 2324 2680 Peperomia
2370 2592 2733 2683 (Panicu-

599 2711 815 2801 laria)
869 2710 1210 2779 secunda
1264 2710 1597 2779 habemus.
1704 2712 1784 2774 In
1829 2709 2172 2801 Pipereis
2230 2712 2424 2781 etiam
2475 2726 2733 2784 amenta

600 2831 1005 2912 umbellatim
1063 2831 1357 2901 conferta
1416 2831 1486 2897 in
1549 2829 2092 2921 Macropipere
2150 2847 2219 2899 et
2281 2809 2754 2911 Pot‘homor?

599 2954 755 3045 phe
793 2964 1073 3033 exstant,
1129 2951 1308 3042 quod
1352 2950 1443 3018 ita
1479 2948 1931 3040 explicandum
1965 2950 2221 3019 videtur
2252 2966 2331 3019 ut
2358 2975 2579 3021 eorum
2609 2975 2734 3044 pe-

602 3072 926 3144 dunculus
988 3071 1349 3152 communis
1413 3085 1724 3160 tanquam
1784 3070 1912 3138 axis
1974 3069 2323 3140 terminalis
2386 3072 2732 3153 habeatur,

603 3194 790 3282 eujus
843 3214 1064 3261 omnes
1109 3202 1448 3281 sequentes
1478 3190 1547 3256 in
1584 3201 1843 3270 amenta
1877 3202 2211 3257 transeant
2248 3189 2447 3279 (conf.
2500 3189 2736 3259 borum

605 3335 917 3407 generum
993 3307 1568 3398 adumbrationoe).
1631 3347 1725 3364 -
1786 3313 1865 3377 In
1926 3307 2449 3398 Peperomieis
2516 3309 2734 3378 adhuc

604 3435 1020 3505 memorabile
1088 3432 1447 3522 exemplum
1522 3431 2043 3521 pedunculorum
2116 3452 2193 3497 ex
2268 3430 2448 3520 apice
2510 3429 2736 3522 petioli

606 3569 975 3634 exortorum
1019 3565 1221 3622 exstat
1265 3551 1334 3618 in
1354 3573 1606 3643 genere
1649 3549 2176 3641 Phyllobryo‚
2222 3551 2409 3639 cujus
2440 3551 2737 3620 inflores—

607 3678 857 3748 oentiae
904 3674 1152 3754 indoles
1200 3672 1361 3740 mihi
1409 3670 1708 3740 nondum
1759 3669 2025 3739 omnino
2083 3670 2309 3759 liquet.
2363 3671 2564 3763 (conf.
2610 3670 2736 3741 hoc

606 3796 859 3893 genus).

698 3918 964 3987 Flores
1011 3935 1201 4005 super
1241 3926 1649 3979 amentorum
1685 3911 1828 3979 axin
1864 3911 2223 3980 secundum
2257 3912 2454 3979 lineas
2482 3909 2738 4000 spirales

608 4037 896 4131 dispositi
943 4049 1128 4115 sunt,
1174 4032 1287 4101 sed
1320 4032 1441 4100 sub
1475 4031 1657 4100 variis
1685 4032 2117 4123 divergentiae
2153 4031 2433 4123 angulis,
2476 4051 2611 4119 quo
2656 4030 2739 4097 fit

608 4175 689 4228 ut
718 4160 873 4227 situs
903 4155 972 4222 in
1006 4155 1140 4232 aliis
1178 4153 1261 4221 sit
1309 4166 1532 4245 aperte
1578 4151 1848 4244 spiralis,
1895 4154 1964 4254 in
2013 4152 2147 4220 aliis
2191 4153 2326 4219 fere
2373 4149 2755 4227 annulatus„

606 4284 744 4348 Mox
782 4276 1070 4348 remoti
1111 4275 1630 4369 (Verhuellia,
1667 4273 2196 4366 Phyllobryo,
2232 4269 2741 4363 Peperomiae
