3153 5134
1591 353 1679 415 88

573 546 1039 629 pubescentibus
1050 592 1069 625 ,
1105 546 1343 625 petiolis
1370 547 1582 608 subtus
1616 549 1861 625 striatis,
1900 549 2261 627 pedunculis
2294 551 2714 615 terminalibus

571 651 971 731 polystachyis
985 696 1004 727 ,
1045 650 1296 711 amentis
1328 650 1729 713 filiformibus.

642 789 802 840 lcon.'
839 782 966 837 Ruiz
995 792 1046 837 et
1075 786 1192 838 Pav.
1222 782 1261 838 l.
1293 800 1338 836 c.
1369 781 1492 838 Tab.
1526 787 1617 838 52.
1648 782 1738 856 fig.
1769 782 1819 837 b.

657 909 959 971 Habitat
1007 910 1072 968 in
1123 907 1378 970 Peruvia
1430 909 1506 968 ad
1561 909 1833 971 Cuchero
1886 919 1945 970 et
1985 910 2292 974 Chinchao
2321 915 2384 974 in
2423 912 2715 975 umbrosis

575 1014 752 1097 (Ruiz
787 1022 846 1073 et
881 1012 1017 1073 Pav.
1053 1013 1092 1072 l.
1122 1010 1206 1090 e.)

648 1147 857 1205 Caulis
884 1145 1092 1222 pedalis·
1163 1149 1419 1200 Amenta
1450 1164 1695 1200 racemosa
1726 1146 1967 1202 conferta.

662 1328 760 1389 32.
843 1331 1300 1401 repen-omia
1340 1331 1815 1387 Velloziana.
1901 1327 2114 1388 Erecta
2148 1331 2498 1391 succulenta
2537 1349 2722 1408 parce

583 1449 812 1491 ramosa
850 1428 1058 1508 glabra
1075 1473 1094 1504 ,
1135 1427 1296 1487 foliis
1329 1427 1574 1487 alternis
1605 1428 1908 1506 petiolatis
1941 1431 2309 1491 succulentis
2339 1431 2561 1511 glabris
2579 1476 2598 1507 ,
2638 1432 2716 1490 ad

582 1551 889 1594 summum
939 1531 1174 1610 apicem
1227 1529 1820 1591 fasciculato·ciliatis
1838 1577 1855 1605 ‚
1915 1532 2204 1612 oblongo·
2261 1535 2361 1596 vel
2391 1535 2718 1595 rhombeo-

580 1635 929 1697 lanceolatis
974 1633 1423 1713 inaequilateris
1437 1679 1456 1710 ,
1513 1653 1719 1695 versus
1769 1635 1938 1694 basin
1983 1638 2288 1698 cuneatim
2323 1640 2386 1697 in
2423 1637 2719 1718 petiolum

582 1738 924 1815 contractis,
958 1737 1130 1815 apice
1166 1744 1475 1797 attenuato
1509 1736 1736 1797 obtusis
1769 1739 1863 1797 vel
1900 1740 2323 1802 obtusiusculis
2341 1787 2359 1817 ,
2392 1741 2724 1821 aliquando

581 1843 1092 1916 submucronatis,
1170 1842 1475 1919 quinque·
1549 1841 1648 1900 vel
1711 1843 2199 1921 septuplinerviis
2255 1845 2682 1922 costulatisque
2701 1889 2721 1917 ,

584 1946 839 2007 amentis
889 1944 956 2001 in
1009 1943 1258 2002 summis
1308 1944 1557 2002 ramulis
1611 1944 1964 2005 axillaribus
2014 1955 2074 2006 et
2128 1947 2550 2006 terminalibus
2583 1946 2719 2025 ple-

581 2066 843 2128 rumque
896 2044 1293 2124 paniculatim
1333 2047 1628 2123 congestis
1661 2047 1953 2126 elongatis
1987 2048 2203 2110 erectis
2234 2049 2681 2109 subdensissoris
2697 2094 2719 2122 ,

584 2152 790 2213 ovario
839 2157 1014 2209 ovato
1060 2147 1233 2227 apice
1282 2148 1676 2228 stigmatifero
1694 2197 1711 2226 ‚
1751 2151 1949 2213 baccis
1978 2153 2436 2232 erecto-patulis
2470 2149 2718 2229 subglo-
2767 2198 2772 2205 .

583 2255 740 2317 bosis
771 2251 1307 2313 brevi-rostellatis.

668 2354 981 2416 Habitat
1014 2353 1082 2416 in
1116 2354 1363 2416 Brasilia
1394 2353 1675 2436 (Sellow.!
1715 2358 1781 2416 in
1815 2356 1991 2417 Herb.
2030 2377 2153 2437 reg.
2189 2357 2407 2438 berol.)

666 2458 1149 2537 Peperomiae
1184 2455 1744 2539 dendrophilae
1778 2457 1985 2519 affinis.

656 2592 837 2648 Planta
880 2592 1173 2647 succulenta
1222 2595 1438 2646 35-40
1485 2601 1618 2649 cent.
1666 2591 1803 2661 alta,
1856 2593 2029 2648 caule
2075 2591 2252 2666 glabro
2285 2591 2477 2648 inferne
2517 2590 2733 2666 apb‘yllo

582 2690 778 2750 erecto,
828 2678 1239 2736 cicatricibus
1282 2678 1523 2735 foliorum
1573 2677 1922 2746 tuberculum,
1961 2697 2156 2734 ramos
2185 2698 2369 2752 paucos
2399 2680 2614 2753 majores
2639 2698 2728 2752 pa·

588 2780 749 2825 tentes
791 2768 870 2823 vel
916 2778 1104 2823 erectos
1148 2767 1416 2822 emittente
1430 2806 1447 2835 ‚
1499 2786 1713 2840 superne
1756 2766 1933 2823 foliato
1962 2778 2013 2822 et
2045 2768 2387 2843 polystachyo.
2460 2767 2628 2823 Folia
2655 2766 2730 2821 al-

583 2865 730 2910 terna
787 2852 1119 2910 erectiuscula
1166 2852 1223 2907 in
1267 2853 1398 2908 sicco
1438 2854 1828 2910 membranacea
1871 2855 2010 2910 haud
2053 2856 2309 2928 pellucide
2346 2855 2431 2910 sed
2473 2853 2732 2929 glandulis

583 2943 749 3017 opacis
792 2951 1034 3016 punctata
1047 2980 1065 3009 ‚
1099 2960 1250 3013 supra
1289 2960 1442 3015 opaca
1456 2980 1474 3009 ‚
1513 2941 1698 2998 subtus
1726 2942 1916 3016 pallida
1931 2982 1948 3012 ,
1986 2942 2229 3017 utrinque
2255 2942 2428 3015 glabra
2442 2980 2460 3010 ‚
2495 2941 2736 3015 inprimis

580 3031 793 3108 juniora
829 3029 1019 3084 ultimo
1062 3029 1201 3102 apice
1233 3028 1368 3084 ciliis
1396 3031 1613 3085 minutis
1642 3031 1885 3086 confertis
1913 3030 2346 3085 subfasciculatim
2373 3029 2589 3101 pilosula
2606 3066 2625 3095 ,
2645 3028 2731 3083 ‘el-

582 3119 782 3193 liptico·
826 3117 906 3172 vel
945 3115 1512 3186 rhombeo-lanceolata‚
1553 3118 1802 3193 quaedam
1837 3116 2456 3190 spatiumne-lanceolata,
2499 3116 2730 3189 inaequi-

588 3207 783 3274 latcra,
819 3224 990 3260 versus
1032 3204 1174 3258 basin
1211 3205 1466 3260 cuneatim
1510 3203 1567 3257 in
1597 3203 1904 3277 petiolum
1939 3206 2079 3256 3-6
2111 3220 2223 3255 raro
2254 3206 2325 3255 10
2357 3218 2485 3256 mm.
2517 3201 2731 3276 longum

588 3296 690 3350 late
734 3291 1130 3347 canaliculatum
1176 3301 1434 3346 eontracta
1449 3330 1467 3358 ‚
1518 3291 1659 3363 apice
1703 3298 1963 3344 attenuata
1995 3287 2079 3341 vix
2105 3286 2424 3353 acuminata,
2461 3288 2600 3361 apice
2627 3290 2733 3364 ipso

591 3381 768 3437 obtuso
794 3380 874 3434 vel
904 3378 1242 3435 obtusiusculo
1257 3418 1274 3446 ‚
1304 3378 1359 3433 in
1387 3377 1693 3453 quibusdam
1725 3375 2116 3430 submucronato
2132 3412 2149 3441 ,
2184 3378 2361 3444 43⁴⁷
2390 3375 2521 3431 cent.
2553 3377 2733 3452 longa,

590 3475 770 3537 2-2}
802 3486 953 3540 supra
982 3466 1210 3520 medium
1239 3464 1363 3520 lata.
1434 3469 1476 3519 E
1498 3483 1653 3519 nervo
1676 3462 1841 3517 medio
1860 3461 2190 3515 crassiusculo
2209 3473 2529 3534 percurrente
2550 3464 2735 3523 subtus

591 3558 909 3633 prominente
956 3555 1196 3630 utrinque
1243 3574 1272 3609 e
1313 3553 1419 3608 basi
1463 3554 1543 3609 vel
1589 3552 1765 3626 paullo
1806 3568 1958 3623 supra
1985 3548 2131 3603 basin
2160 3555 2301 3606 2-3
2335 3552 2532 3608 nervuli
2561 3563 2734 3610 tenues

592 3644 871 3703 absconditi
891 3643 1128 3717 parallele
1147 3641 1499 3697 adscendentes
1516 3643 1761 3715 (quorum
1787 3638 2011 3711 superior
2037 3637 2210 3711 paullo
2234 3638 2410 3694 tortior
2437 3639 2735 3719 plerumque

592 3735 752 3792 altius
781 3751 949 3787 versus
976 3732 1187 3804 apicem
1200 3730 1389 3801 tendit)
1420 3728 1690 3802 pluresque
1718 3725 2005 3781 tenuissimi
2034 3745 2245 3799 superne
2271 3726 2536 3796 oriuntur,
2564 3750 2735 3785 omnoe

593 3819 904 3879 reticulatim
951 3818 1246 3873 tenuissime
1284 3825 1723 3871 anastomosantae.
1795 3819 1984 3869 Amen
1995 3823 2057 3868 ta
2085 3814 2140 3868 in
2171 3834 2373 3870 summo
2400 3817 2543 3871 caule
2572 3828 2626 3872 ct
2653 3838 2732 3873 ra·

595 3909 857 3966 mulorum
907 3906 1136 3979 apicibus
1183 3923 1243 3958 ex
1288 3903 1457 3957 axillis
1502 3902 1744 3958 foliorum
1785 3901 2025 3970 solitaria,
2071 3902 2222 3969 bina,
2268 3904 2425 3979 inque
2462 3905 2601 3978 apice
2628 3904 2734 3977 ipso

594 3998 868 4071 conjugata
886 4034 904 4062 ‚
941 3993 1020 4048 vel
1051 3990 1366 4046 ramulorum
1394 3989 1529 4045 foliis
1552 3990 1793 4045 abortivis
1814 3988 2455 4064 dichotomo·paniculatim
2485 3991 2733 4060 conserta,

595 4081 905 4162 cylindrica,
959 4083 1096 4135 4-9
1142 4088 1273 4132 cent.
1302 4077 1485 4152 longa,
1522 4083 1662 4133 1-2
1694 4097 1824 4134 mm.
1853 4096 2047 4146 crassa,
2083 4078 2475 4146 subdensiflora,
2512 4081 2731 4152 pedun-

596 4171 758 4230 culis
782 4167 972 4244 glabris
1002 4171 1136 4232 ;—1
1175 4175 1309 4221 cent.
1338 4165 1501 4241 longis
1530 4176 1772 4223 sustenta.
1846 4170 2133 4222 Bractcae
2160 4165 2381 4220 breviter
2409 4166 2739 4238 pedicellatae

595 4252 1129 4334 oblongo-rotundatac
1159 4252 1386 4328 glabrae.
1449 4255 1729 4310 Stamina
1755 4260 1790 4310 2
1822 4254 2050 4310 lateralia
2088 4253 2440 4308 filamentis
2472 4253 2733 4322 brevibus,

596 4346 783 4405 anthe
794 4345 881 4402 ris
924 4342 1225 4402 aurantiacis
1273 4341 1581 4419 subglobosis
1627 4338 2025 4414 bilocularibus,
2053 4340 2231 4399 loculis
2262 4341 2517 4416 appositis.
2588 4345 2731 4398 Ova-
