3153 5134
1476 350 1562 413 85

433 547 822 614 mumulus,
861 546 984 619 pilis
1011 546 1194 618 sparsis
1219 544 1438 613 obsitus,
1479 545 1603 617 pilis
1632 564 1837 601 sursum
1865 546 2104 619 inprimis
2135 567 2238 603 uno
2268 547 2424 602 latere
2451 549 2570 605 den·

428 634 669 703 sioribus,
712 633 1009 688 internodiis
1051 637 1193 688 2—9
1240 642 1376 689 oent.
1418 632 1580 707 longis
1593 671 1611 701 ‚
1661 633 1805 688 nodis
1853 634 2173 690 interioribus
2216 635 2571 710 superstitibus

429 721 667 778 foliorum
704 721 903 794 vaginis
933 720 1132 776 cinctis.
1206 720 1372 776 Folia
1413 720 1471 775 in
1506 720 1640 776 sicco
1677 721 1990 778 subooriaoea
2021 723 2123 797 pell
2130 723 2566 797 mido-punctam,

430 829 580 885 supra
620 829 771 883 opaca
808 808 1174 883 glabriuscula‚
1221 808 1285 863 ad
1315 809 1506 864 lentem
1537 810 1800 864 exsiccatis
1837 810 2040 864 cellulis
2074 810 2344 881 famulata,
2389 811 2571 867 subtus

431 898 487 952 in
515 897 646 952 sicco
667 896 993 951 fuscescentia
1023 896 1144 971 pilis
1172 896 1354 969 sparsis
1378 897 1739 952 minutissimis
1760 898 1992 972 inprimis
2014 919 2162 972 supra
2185 919 2359 955 nervos
2379 899 2572 968 obsita,

429 985 870 1042 rotundato-ovata
901 984 982 1039 vel
1017 994 1189 1053 ovata,
1236 985 1567 1060 aequilatera,
1612 985 1721 1040 basi
1758 985 2031 1042 rotundata
2067 988 2149 1043 vel
2190 997 2570 1043 concavo-trun·

432 1083 574 1141 cata,
610 1073 749 1146 apice
781 1071 1238 1128 brevi-acuminata
1273 1073 1351 1127 vel
1383 1083 1562 1141 acuta,
1612 1077 1790 1141 8-9}
1830 1082 1969 1130 cent.
2007 1073 2182 1148 longa,
2228 1079 2404 1142 5—'73
2433 1074 2569 1143 lata,

430 1161 811 1228 nummum-via,
859 1161 942 1216 vel
979 1161 1148 1216 nervis
1192 1162 1533 1234 superioribus
1576 1180 1731 1234 supra
1775 1162 1921 1217 basin
1967 1164 2147 1218 solutis
2179 1162 2572 1229 novenonervia‚

430 1248 706 1323 aliquando
742 1247 1139 1315 undenonervia‚
1189 1248 1354 1302 nervis
1386 1257 1549 1303 totam
1584 1248 1835 1303 laminam
1871 1250 2277 1322 permeantibus,
2324 1255 2359 1305 '7
2388 1248 2571 1304 mediis

431 1335 533 1391 fere
560 1335 623 1390 ad
654 1334 850 1408 apicem
877 1335 1071 1401 ductis,
1105 1334 1169 1388 ad
1195 1334 1387 1389 lentem
1419 1336 1813 1392 anastomosibus
1840 1337 2145 1393 absconditis
2173 1335 2571 1394 horizontalibus

431 1423 687 1500 parallelis
731 1422 886 1477 rectis
929 1422 1009 1476 vel
1053 1422 1288 1477 flexuosis
1329 1422 1746 1496 subsimplicibus
1788 1425 1923 1480 inter
1964 1445 2014 1481 se
2054 1428 2273 1500 junctis.
2346 1433 2574 1489 Pctioli

428 1517 610 1578 2-2}
649 1521 784 1568 cent.
830 1510 996 1584 longi,
1043 1520 1188 1583 parte
1228 1509 1332 1565 fere
1380 1511 1598 1566 dimidia
1645 1511 1879 1568 inferiore
1922 1514 1978 1567 in
2013 1516 2301 1588 vaginam
2344 1519 2574 1592 amplam

432 1598 795 1674 amplicaulem
827 1606 1054 1665 mutata,
1101 1598 1353 1671 superiore
1379 1599 1548 1652 antioe
1576 1599 1939 1667 canaliculata‚
1988 1601 2544 1676 lunello-pubescentes
2557 1646 2575 1675 ,

430 1709 517 1746 ore
549 1687 756 1760 vaginae
781 1684 987 1758 obliquo
1013 1694 1066 1738 et
1097 1684 1414 1759 marginibus
1443 1686 1784 1759 superioribus
1811 1687 2133 1743 hirto-ciliati
2165 1692 2285 1760 (sec.
2312 1710 2386 1766 sp.
2406 1694 2576 1749 sterile

433 1777 655 1849 Poepp.).
726 1772 884 1828 Aliud
907 1772 1161 1845 specimen
1189 1773 1374 1827 florens
1400 1773 1566 1840 adest,
1601 1773 1946 1829 verisimiliter
1975 1794 2097 1849 apex
2118 1776 2324 1849 plantae
2345 1780 2573 1853 ejusdem

432 1861 687 1929 florentis,
722 1860 891 1914 foliis
928 1859 1104 1932 paullo
1136 1860 1421 1916 minoribus
1454 1871 1679 1933 septeno·
1710 1860 1787 1915 vel
1836 1862 2251 1918 undeno-nerviis
2296 1848 2577 1923 anastonio·

432 1950 671 2024 sibusque
719 1947 1001 2002 reticulatis
1014 1987 1032 2016 ‚
1081 1947 1417 2021 glabr-iuribus
1433 1987 1449 2014 ‚
1492 1947 1691 2021 petiolis
1737 1948 1846 2002 τίκ,
1869 1949 2230 2023 vaginantibus
2247 1992 2262 2019 ‚
2313 1956 2579 2011 amentis

433 2038 729 2094 axillaribus
767 2046 820 2091 et
858 2035 1243 2103 terminalibus,
1289 2035 1693 2103 subdensifloris‚
1738 2035 2002 2106 confertis,
2048 2038 2324 2095 bracteis
2369 2041 2578 2115 peltatis

431 2116 727 2182 orbiculatis
756 2123 949 2198 glabris
975 2123 1292 2197 marginibus
1320 2120 1684 2178 lutesoentibus
1717 2123 1980 2194 differens,
2015 2136 2067 2181 et
2096 2146 2155 2182 ex
2186 2128 2393 2184 meliore
2419 2132 2574 2205 speci-

437 2215 576 2271 mine
608 2214 733 2268 olim
770 2211 958 2266 certius
991 2211 1363 2267 extricandam.

508 2307 563 2359 P.
593 2299 932 2374 dependens
966 2299 1203 2373 glabritie
1236 2309 1289 2353 et
1311 2300 1508 2373 petiolis
1535 2299 1676 2355 haud
1714 2302 2072 2376 vaginantibus
2098 2303 2274 2359 differt
2289 2345 2306 2374 ,
2347 2306 2577 2380 alioquin

438 2390 621 2446 habitu
656 2386 1027 2463 quodammodo
1062 2386 1260 2442 similis.
1277 2419 1347 2427 —
1363 2389 1442 2442 Ob
1471 2387 1783 2461 singularem
1820 2389 2120 2462 petiolorum
2151 2390 2373 2446 formam
2404 2404 2577 2448 nostra

438 2475 747 2552 Pepcromiae
779 2484 833 2529 et
877 2474 1087 2529 Saururi
1131 2473 1442 2529 connubium
1479 2475 1738 2549 perspicue
1773 2475 1995 2542 indicat,
2030 2477 2115 2532 sed
2152 2479 2395 2552 genitalia
2417 2480 2473 2533 in
2504 2500 2575 2554 sp.

440 2569 570 2628 sicco
595 2563 752 2621 nimis
778 2563 908 2619 laesa
936 2573 1172 2619 accurata
1205 2563 1590 2636 investigatione
1621 2563 1763 2618 valde
1793 2563 2040 2640 indigent.
2401 2588 2405 2592 ·

525 2706 624 2769 26.
707 2710 1159 2780 Peperomla.
1199 2679 1561 2778 opimiano
1611 2703 1689 2763 A.
1723 2702 1912 2764 Dietr.
1963 2703 2128 2785 Spec.
2174 2706 2324 2765 Tom.
2363 2707 2417 2766 Ι.
2453 2709 2489 2767 1.
2521 2730 2570 2769 c.

448 2811 637 2891 Piper
667 2809 749 2869 D.
784 2808 974 2868 Dietr.
1009 2806 1257 2885 Eneycl.
1301 2806 1460 2865 Tom.
1494 2805 1548 2864 Ι.
1567 2826 1632 2885 p.
1661 2804 1790 2865 122.
1871 2808 2219 2886 Peperomia
2254 2810 2573 2891 corda-’folia

450 2912 605 2992 Opis
642 2911 713 2968 in
746 2909 939 2987 Retiq.
972 2908 1201 2967 Haenk.
1220 2909 1384 2987 fase.
1423 2905 1556 2965 III.
1581 2927 1646 2986 p.
1691 2904 1823 2965 164.
1905 2905 2084 2966 Foliis
2113 2907 2360 2969 alternis
2393 2912 2573 2992 longe

445 3011 774 3093 petiolatis,
813 3009 1066 3088 glabris,
1106 3008 1396 3083 cordatis,
1436 3007 1886 3084 subundulatis,
1946 3008 2268 3070 13·nerviis
2285 3057 2303 3086 ‚
2344 3013 2575 3091 pedun-

448 3114 603 3176 culis
636 3113 860 3192 petiolo
892 3112 1087 3172 multo
1136 3111 1513 3171 brevioribus
1529 3155 1547 3186 ,
1588 3111 1839 3170 amentis
1876 3113 2292 3192 oppositisoliis
2309 3161 2327 3192 ‚
2368 3118 2573 3178 filifor-

450 3216 652 3277 mibus
669 3260 687 3290 ,
723 3215 1140 3293 pedunculum
1179 3212 1597 3294 aequantibus.

519 3318 817 3379 Habitat
854 3316 923 3376 in
962 3316 1216 3377 Peruvia
1253 3314 1566 3398 (Haenke).

515 3441 593 3492 An
626 3454 657 3489 a
685 3437 741 3489 P.
775 3432 1141 3507 dependenti
1171 3432 1394 3487 diversa?

527 3573 623 3634 27.
707 3578 1162 3648 Peperomta
1218 3589 1611 3647 purpurea
1671 3573 1838 3633 Ruiz
1896 3583 1955 3633 et
2009 3574 2158 3634 Pav.
2213 3576 2301 3637 Fl.
2361 3579 2575 3641 Per-nv.

459 3678 609 3737 Tom.
643 3678 698 3737 I.
727 3697 796 3756 p.
837 3675 934 3735 32.
1016 3677 1205 3757 Piper
1238 3675 1393 3736 Vahl
1421 3676 1702 3736 Enumer.
1747 3676 1906 3737 Tom.
1946 3678 2000 3737 I.
2027 3699 2091 3758 p.
2128 3677 2264 3740 343.
2339 3682 2574 3760 Erecta,

447 3780 606 3840 foliis
640 3779 887 3839 alternis
920 3780 1108 3839 ovatis
1142 3779 1500 3839 acuminatis
1538 3779 1746 3839 subtus
1794 3778 2093 3860 oauleque
2127 3786 2449 3863 purpureis
2482 3809 2583 3850 re-

447 3882 711 3944 ticulatis
728 3928 746 3958 ,
787 3883 1040 3943 amentis
1075 3881 1426 3942 axillaribus
1461 3889 1522 3941 et
1559 3881 1979 3942 terminalibus
2007 3886 2305 3964 pendulis.

521 4007 676 4056 leon.
709 4000 855 4058 Ruiz.
884 4009 939 4055 et
968 4004 1084 4055 Pav.
1118 3998 1159 4053 l.
1185 4017 1230 4053 c.
1257 3998 1381 4056 Tab.
1419 4002 1507 4054 49.
1544 3998 1638 4073 fig.
1667 4005 1720 4056 6.

528 4109 834 4170 Habitat
897 4111 963 4168 in
1032 4107 1322 4167 Peruviae
1374 4108 1670 4170 umbrosis
1720 4130 1908 4192 prope
1961 4112 2285 4176 ChinchaO.
2388 4114 2579 4193 (Ruiz.
2679 4091 2685 4098 ’

453 4223 515 4275 et
558 4210 724 4292 Pav.)

521 4329 688 4387 caulis
712 4328 901 4404 pedalis
916 4367 935 4397 ‚
968 4328 1106 4403 apice
1135 4325 1346 4383 divisus·
