3153 5134
1508 323 1640 386 295

493 518 810 586 acuminata,
845 515 953 573 basi
981 516 1302 586 subcordata,
1331 522 1406 572 10
1420 528 1553 574 cent.
1582 518 1759 593 longa,
1783 525 1819 575 6
1845 520 1977 588 lata,
2000 519 2216 593 petioli
2249 520 2418 577 multo
2444 521 2642 596 longio-

494 624 600 675 res,
636 611 671 662 6
702 615 833 662 cent.
861 606 1017 681 longi.
1090 606 1262 661 Folia
1291 607 1510 680 stirpis
1546 606 1845 663 femineae
1877 609 2115 666 multum,
2136 608 2410 678 differunt3
2433 609 2492 668 in
2518 610 2636 665 uui·

490 712 692 748 versum
738 692 982 767 ampliora
996 733 1014 762 ,
1064 694 1292 769 majora3
1341 692 1503 749 forma
1546 704 1723 749 tamen
1761 697 1964 764 variat3
2000 696 2304 752 inferiora
2335 696 2638 773 plerumque

487 780 764 837 lato—ovata
777 821 796 850 ,
843 782 1137 838 acuminata
1154 822 1172 850 ,
1217 781 1329 836 basi
1373 781 1699 857 subaequalia
1738 795 1833 838 aut
1864 784 2148 859 inaequalia
2163 822 2183 854 ,
2218 784 2518 842 subcordata
2541 796 2639 846 aut

487 868 791 937 rotundata,
842 870 1010 924 multo
1054 869 1229 924 minus
1275 869 1656 925 membranacea
1689 871 1777 925 sed
1806 872 1969 945 magis
1998 871 2341 942 subcoriacea3
2375 874 2638 949 sequentia

484 958 870 1033 ovato-oblonga
911 958 1016 1013 basi
1045 958 1321 1018 rotundata
1335 995 1356 1029 ι,
1389 959 1529 1031 apice
1557 976 1744 1031 parum
1774 960 2066 1015 acuminata
2081 998 2099 1028 ,
2133 970 2228 1015 aut
2260 959 2509 1035 oblonga,
2538 960 2639 1017 fere

480 1045 1020 1120 oblongo-lanceolata,
1071 1046 1157 1101 sed
1198 1064 1467 1120 nunquam
1514 1045 1791 1101 lanceolata
1805 1086 1822 1114 ,
1865 1047 2050 1103 subtus
2092 1048 2412 1122 pubescentia
2429 1088 2448 1118 ,
2482 1068 2637 1123 supra

484 1132 691 1207 glabra,
719 1133 929 1208 juniora
958 1132 1222 1207 puberula.
1295 1132 1517 1189 Petioli
1547 1133 1720 1189 breves
1747 1135 2101 1208 pubescentes,
2130 1134 2430 1191 inferiorum
2451 1141 2635 1202 1—24

482 1220 796 1294 superiorum
807 1227 988 1287 1—1}
1002 1231 1135 1277 cent.
1151 1222 1309 1295 longi,
1320 1222 1487 1277 antico
1505 1222 1848 1279 canaliculati.
1885 1221 2204 1278 Differentiae
2217 1223 2375 1277 etiam
2388 1242 2481 1297 pro
2495 1222 2635 1278 vario

479 1303 589 1360 loco
630 1307 793 1361 natali
837 1309 1002 1362 variae
1041 1326 1142 1363 esse
1179 1307 1456 1366 videntur..
1524 1312 1589 1361 In
1633 1307 1989 1381 speciminibus
2014 1308 2314 1364 florentibus
2340 1309 2398 1363 in
2425 1319 2632 1366 monte

478 1392 667 1448 Salak
713 1393 860 1449 lectis
907 1393 1059 1448 folia
1103 1392 1403 1448 inferiora
1449 1404 1573 1449 sunt
1601 1395 1765 1468 magis
1794 1396 2037 1471 aequalia,
2080 1395 2354 1451 lato-ovata
2384 1395 2493 1451 basi
2525 1414 2631 1452 eor·

478 1479 633 1549 data,
670 1480 916 1545 coriacea,
949 1481 1125 1536 minus
1153 1479 1506 1554 pubescentia3
1541 1480 1600 1535 in
1629 1480 1889 1537 bacciferis
1910 1500 2027 1537 vero
2054 1481 2120 1536 ad
2147 1491 2408 1550 montem
2433 1485 2629 1538 Mana-

477 1584 608 1622 ram
664 1567 849 1640 carptis
899 1565 1064 1641 magis
1111 1566 1520 1634 membranacea,
1570 1567 1820 1641 oblonga,
1868 1567 2045 1622 minus
2092 1566 2414 1636 acuminata,
2465 1568 2632 1643 magis

474 1652 801 1726 pubescentia
839 1663 893 1709 ct
934 1653 993 1709 in
1043 1654 1229 1729 pagina
1268 1654 1519 1728 superiore
1546 1654 1874 1709 subscabrida
1889 1691 1909 1723 ,
1957 1653 2209 1728 superiora
2255 1672 2396 1728 saepe
2434 1656 2630 1729 majora

476 1759 635 1815 quam
677 1740 932 1797 inferiora.
983 1774 1055 1783 —-
1108 1743 1256 1797 Nervi
1293 1741 1348 1795 in
1386 1740 1746 1816 speciminibus
1774 1742 1915 1797 siccis
1942 1742 1997 1796 in
2028 1742 2213 1816 pagina
2239 1741 2477 1796 inferiore
2504 1743 2629 1799 satis

475 1828 791 1901 prominent3
814 1829 1011 1885 medius
1040 1830 1106 1884 ad
1133 1832 1329 1904 apicem
1362 1830 1571 1898 ductus3
1607 1828 1838 1893 laterales
1867 1828 2138 1902 superiores
2168 1847 2319 1902 supra
2342 1828 2449 1883 folii
2478 1829 2624 1885 basin
2693 1876 2700 1884 .

476 1916 581 1970 orti
612 1916 712 1971 sub
739 1916 881 1990 apice
906 1918 1196 1987 finiuntur,
1230 1918 1331 1973 duo
1361 1916 1616 1972 inferiores
1643 1915 1747 1972 fere
1775 1936 1805 1971 e
1837 1916 1943 1971 basi
1973 1917 2251 1989 prodeunt,
2287 1917 2624 1990 praecedenti—

474 2000 571 2057 bus
613 2005 867 2059 tenuiores
910 2015 962 2059 et
1013 2004 1069 2059 in
1104 2005 1267 2059 medio
1297 2004 1416 2059 folio
1447 2004 1878 2076 exstinguuntur,
1907 2002 2304 2058 anastomosibus
2331 2003 2626 2060 transvensis

472 2088 608 2142 inter
635 2108 684 2142 se
704 2089 901 2161 juncti.
970 2095 1033 2146 In
1063 2092 1340 2165 majoribus
1363 2091 1497 2148 foliis
1527 2100 1725 2165 praeter
1747 2090 1976 2165 quinque
2004 2090 2094 2145 hos
2123 2109 2298 2145 nervos
2325 2110 2355 2145 e
2383 2090 2492 2145 basi
2518 2090 2622 2146 duo

469 2176 755 2234 tenuissimi
806 2178 872 2232 ad
917 2180 1167 2278 margines
1212 2179 1529 2234 decurrentes
1547 2217 1564 2247 ,
1613 2198 1731 2233 mox
1778 2178 1836 2231 in
1882 2177 2211 2232 anastomoses
2257 2187 2619 2233 evanescentes.

467 2264 567 2319 Pili
609 2264 707 2320 sub
754 2265 895 2321 lente
944 2267 1135 2339 sparsi,
1183 2267 1329 2334 albi,
1378 2266 1681 2322 duriusculi.
1754 2271 2017 2321 Amenta
2062 2265 2126 2319 ad
2167 2283 2332 2319 ramos
2359 2284 2619 2339 supremos

469 2352 834 2426 oppositiiolia‚
872 2354 1248 2426 pedunculis
1277 2373 1442 2427 sparse
1468 2353 1750 2427 puberulis,
1795 2353 2135 2408 florescentiae
2162 2362 2387 2425 tempore
2416 2352 2621 2425 petiolas

466 2439 832 2514 aequantibus,
867 2440 984 2495 dein
1018 2441 1375 2513 superantibus
1409 2445 1589 2508 1—2‚
1625 2460 1739 2494 raro
1768 2444 1839 2506 2}
1871 2450 2004 2494 cent.
2030 2438 2212 2511 longis·
2284 2444 2615 2494 Amentum

467 2545 643 2583 masc.
700 2528 886 2601 gracile
947 2528 1289 2603 cylindrieum
1332 2545 1538 2583 sursum
1583 2535 1935 2600 angustatum,
1997 2523 2348 2598 pedunculo
2392 2529 2425 2580 1
2478 2535 2613 2584 cent.

464 2613 644 2686 longe,
678 2616 863 2670 florens
885 2620 919 2669 2
952 2626 1087 2670 cent.
1116 2616 1199 2669 vix
1228 2616 1507 2687 attingens,
1541 2614 1733 2667 siccum
1762 2617 1945 2681 1—1;
1975 2631 2105 2667 mm.
2133 2631 2378 2666 crassum.
2439 2616 2611 2667 Brac-

462 2709 595 2754 teae
645 2701 890 2755 coriaceae
946 2699 1341 2754 suborbiculares
1356 2737 1373 2765 ,
1424 2699 1644 2772 peltatae
1660 2737 1678 2766 ,
1728 2698 2028 2752 latescentes
2043 2736 2061 2765 ,
2110 2696 2388 2771 puberulae
2404 2735 2423 2764 ,
2472 2698 2607 2754 {ila-

465 2797 678 2842 menta
722 2787 1028 2860 emergentia
1073 2795 1243 2852 recta,
1294 2784 1588 2839 antherae
1630 2784 1861 2858 globosae
1889 2784 2202 2839 biloculares.
2274 2789 2607 2843 Amentum

463 2874 799 2930 femineum
829 2874 1056 2929 masculo
1084 2873 1294 2927 crassius
1322 2870 1407 2925 sed
1429 2872 1616 2926 florens
1640 2870 1778 2924 haud
1803 2869 2004 2941 longius
2022 2875 2091 2937 1}
2113 2879 2245 2924 cent.
2267 2869 2466 2925 circiter
2493 2871 2604 2926 lon·

428 2963 437 2971 '
460 2980 617 3034 gum,
641 2967 786 3018 2-3
813 2981 948 3021 mm.
971 2979 1193 3017 crassum
1222 2977 1426 3014 sursum
1456 2967 1790 3031 angustatum
1820 2955 2179 3029 cylindricum.
2214 2954 2605 3013 Pedunculus

459 3053 492 3103 1
529 3059 665 3105 cent.
692 3068 948 3123 superans.
1035 3054 1326 3104 Bracteae
1355 3047 1532 3101 densae
1561 3045 1782 3119 peltatae
1808 3045 2145 3112 rotundatae,
2179 3063 2437 3113 carnosae,
2470 3044 2606 3118 pube

457 3133 700 3192 intricata
759 3137 908 3192 densa
953 3136 1099 3193 molli
1141 3134 1597 3210 griseo-lutoeeente
1642 3132 1850 3187 vestitae
1894 3141 1958 3186 ut
2004 3132 2112 3204 ipsa
2157 3132 2348 3187 amenti
2397 3131 2603 3203 rhachis
2679 3167 2691 3179 =

451 3222 650 3297 junior.
740 3224 963 3280 Ovaria
1013 3224 1197 3280 sessilia
1214 3261 1232 3292 ,
1287 3231 1464 3289 ovata,
1530 3217 1739 3294 glabra,
1790 3238 1942 3293 supra
1988 3218 2211 3275 bracteas
2257 3220 2567 3294 emergentia
2583 3259 2603 3288 ‚

459 3310 642 3365 ovulo
670 3311 817 3365 unico
843 3311 1061 3369 basilari.
1096 3312 1403 3385 Stigmata
1421 3306 1723 3375 duo—tria,
1742 3324 1855 3386 raro
1881 3315 2133 3381 quatuor,
2153 3306 2404 3361 arcuatim
2421 3317 2598 3380 paten-

453 3395 557 3463 tia,
594 3386 1286 3471 subplumoso·pubescentia,
1315 3405 1485 3452 acuta.
1553 3400 1885 3449 Amentum
1914 3393 2047 3447 fem.
2076 3392 2366 3448 adultum
2396 3394 2590 3450 bacci-

457 3482 656 3537 ferum
687 3489 869 3551 5—5}
900 3495 1030 3541 cent.
1062 3484 1249 3559 absque
1276 3481 1560 3557 pedunculo
1589 3481 1824 3555 longum,
1852 3486 1992 3536 2-3
2023 3500 2152 3537 mm.
2182 3500 2433 3550 crassum,
2457 3483 2595 3556 pube

451 3569 646 3625 sordide
659 3570 955 3627 latescente.
990 3575 1214 3626 Baccae
1241 3569 1633 3625 remotiusculae
1644 3568 1992 3644 pedicellatae,
2008 3579 2240 3624 maturae
2253 3569 2393 3625 vivae
2412 3571 2597 3625 rubrae

451 3656 674 3712 nitentes
688 3695 706 3725 ,
728 3657 886 3713 siccae
919 3658 1223 3733 nigricantes
1251 3677 1351 3713 non
1384 3655 2041 3732 splendentes,plerumque
2072 3655 2302 3711 ovoideae
2329 3668 2424 3713 aut
2455 3658 2588 3714 ovoi*

449 3744 919 3818 deo-subglobosae‚
970 3746 1197 3820 apicibus
1256 3745 1540 3819 angustatis
1592 3762 1732 3816 saepe
1777 3743 1834 3796 in
1879 3753 2099 3798 rostrum
2142 3741 2294 3798 breve
2345 3745 2591 3801 obtusum

446 3835 738 3910 productae.
787 3834 1087 3890 Pedicelli
1112 3835 1286 3890 baccas
1307 3844 1594 3910 aequantes.
1629 3837 1813 3887 Baccae
1832 3843 2052 3893 recentes
2068 3837 2101 3905 8
2118 3852 2249 3890 mm.
2264 3833 2368 3888 fere
2380 3834 2559 3909 longae
2572 3873 2591 3902 ‚

445 3928 593 3979 6-7
619 3921 770 3978 latae.
840 3918 1009 3975 Siccae
1034 3925 1070 3975 5
1098 3918 1297 3994 longae,
1336 3924 1479 3975 3—4
1515 3919 1571 3973 in
1601 3917 1781 3986 diam„
1810 3917 2037 3991 pedicelli
2065 3922 2100 3972 5
2132 3928 2186 3972 et
2211 3918 2295 3973 vix
2324 3919 2586 3993 longiores.

443 4010 732 4086 Aliquando
759 4007 1009 4085 quaedam
1041 4007 1221 4063 baccae
1252 4007 1496 4081 globosae.
1566 4010 1774 4060 Semen
1803 4005 2063 4079 globosum
2077 4044 2095 4072 ,
2134 4005 2395 4060 rubescens
2412 4045 2429 4074 ,
2463 4007 2584 4061 sub·

444 4099 647 4166 nitcnS,
697 4096 1146 4172 longitudinaliter
1190 4094 1523 4162 striulatum,
1574 4094 1684 4148 hilo
1724 4112 1925 4167 magno.
1997 4091 2388 4165 Endopleura
2418 4096 2586 4152 tenuis

443 4186 842 4242 membranacea.
912 4183 1219 4240 Albumen
1248 4181 1607 4256 subglobosum
1636 4180 1859 4247 durum,
1891 4180 2092 4235 sacculo
2119 4178 2429 4254 embryonali
2455 4201 2586 4239 cras-

443 4273 661 4332 siusculo
705 4272 1096 4348 embryonem
1139 4270 1397 4328 inversum
1425 4267 1702 4344 oblongum
1719 4309 1737 4340 ,
1771 4267 1999 4326 radicula
2027 4267 2299 4324 incrassata
2330 4268 2582 4345 apiculata
