3153 5134
1580 361 1710 424 222

1056 606 1287 670 smne
1331 565 1416 676 11.
1506 604 1895 672 PIPEREAE
1940 608 2228 678 VERAE.

1527 832 1742 860 a*

1239 994 1454 1057 Connus
1493 996 1546 1058 1.
1627 995 2044 1059 PIPERINAE.

654 1353 815 1415 vul.
876 1348 1393 1430 clunem).
1451 1349 1696 1410 Flores
1728 1350 1934 1427 dioici,
1964 1352 2312 1415 densissime
2339 1359 2704 1437 amentacei;

574 1464 861 1518 amenta
888 1453 1288 1535 oppositisolia
1321 1452 1585 1514 solitaria
1603 1452 1865 1514 feminea
1881 1455 2149 1517 maribus
2161 1458 2460 1520 crassiora.
2501 1459 2633 1521 Bra
2644 1480 2700 1521 c·

575 1570 743 1623 teae
790 1561 1082 1640 peltatae,
1133 1556 1526 1637 pedicellatae
1542 1602 1561 1632 ,
1607 1556 2004 1618 horizontales
2020 1602 2039 1633 ,
2091 1560 2497 1638 persistentes,
2540 1564 2706 1642 pelta

573 1663 897 1726 rotundatu
934 1660 1035 1720 vel
1078 1659 1395 1735 rhombea,
1429 1659 1731 1736 coriacea,
1782 1644 1990 1738 glabra
2034 1661 2134 1722 vel
2181 1664 2389 1724 subtus
2441 1665 2704 1726 birtella.

572 1767 771 1829 Masc.
806 1764 1155 1825 Bracteae
1188 1760 1511 1822 breviores.
1593 1762 1922 1822 Stamina
1952 1762 2075 1824 duo
2091 1764 2363 1826 lateralia
2381 1811 2400 1842 ,
2436 1769 2534 1827 vel
2570 1788 2708 1828 raro

576 1866 758 1942 3-4,
792 1862 1187 1926 filamentis
1206 1862 1513 1938 brevibus,
1538 1864 1876 1924 antheris
1900 1865 2089 1926 ovatis
2103 1868 2202 1927 vel
2217 1868 2587 1947 subglobosis
2606 1870 2704 1930 hi-

572 1966 943 2032 Ioquaribus
977 1965 1333 2026 connectivo
1364 1964 1784 2041 crassiusculo,
1818 1985 1956 2025 raro
1980 1985 2159 2044 supra
2190 1967 2420 2029 loculos
2453 1971 2706 2034 tumido.

571 2074 757 2133 Fem.
798 2069 1055 2129 Flores
1092 2066 1445 2127 densissimi.
1488 2066 1847 2127 Ovari-um
1890 2068 2171 2145 glabrum
2202 2070 2299 2130 vel
2335 2072 2704 2150 pubescens,

570 2172 919 2258 (exiguum)
961 2171 1163 2246 ovale,
1203 2171 1601 2249 angulosum,
1638 2171 2103 2250 stigmatibus
2144 2174 2476 2251 sessilibus‚
2528 2176 2702 2236 raris·

571 2278 722 2338 sime
749 2274 940 2336 ovarii
965 2274 1121 2353 apici
1151 2274 1214 2332 in
1250 2274 1470 2354 stylum
1497 2281 1808 2334 attenuato
1835 2274 2108 2351 insertis,
2144 2275 2306 2335 3—6
2319 2325 2338 2354 ,
2377 2278 2705 2358 cuspidatis

569 2378 859 2441 brevibus
898 2377 1103 2438 crassis
1145 2396 1324 2455 supra
1360 2377 1691 2455 puberulis.
1772 2376 2049 2438 Baccae
2081 2397 2258 2458 supra
2296 2382 2523 2440 amenti
2560 2382 2704 2443 rha-

566 2482 716 2544 chin
761 2488 1060 2541 maturam
1103 2478 1400 2539 tumidam
1446 2479 1732 2557 interque
1768 2479 2037 2540 bracteas
2068 2481 2356 2542 coloratas
2388 2484 2704 2545 consertis-

566 2588 756 2647 simae
771 2628 791 2660 ,
829 2582 1053 2643 sessiles
1067 2626 1087 2658 ,
1127 2581 1422 2660 oblongae
1437 2625 1456 2656 ,
1497 2580 1786 2641 obovatae
1802 2627 1820 2657 ,
1849 2583 2182 2662 polygonae
2195 2628 2214 2659 ,
2241 2604 2415 2664 saepe
2442 2587 2705 2647 subcon—

572 2697 780 2764 natae,
831 2685 1119 2764 pulposae
1132 2728 1151 2759 ,
1200 2683 1445 2761 glabrae
1493 2691 1602 2743 aut
1637 2683 1867 2744 vertice
1900 2686 2322 2765 pubescentes,
2360 2689 2705 2767 stigmatum

568 2788 934 2853 rudimentis
969 2786 1345 2847 umbonatae.
1426 2787 1585 2848 Sem
1600 2806 1687 2847 en
1720 2787 2052 2867 oblongum
2076 2789 2173 2850 vel
2207 2792 2705 2869 sublenticulare,

518 2921 523 2925 ·
568 2895 933 2975 plerumque
992 2888 1851 2968 tri-tetragono-compressum
1870 2936 1889 2966 ,
1952 2891 2125 2970 apice
2181 2895 2552 2972 apiculatum
2607 2895 2706 2955 vel

571 3002 942 3068 truncatum,
959 2990 1084 3050 basi
1101 2991 1381 3051 obtusum
1402 2992 1496 3051 vel
1524 3010 1929 3070 compressum
1937 3039 1956 3069 ,
1977 3001 2083 3054 tes
2097 3002 2118 3053 t
2131 3014 2165 3054 a
2184 3004 2491 3058 crustacea
2508 2997 2704 3057 subti-

567 3098 791 3159 lissime
837 3095 1135 3156 soveolata
1186 3093 1411 3170 nitida,
1468 3093 1858 3155 albumine
1907 3096 2228 3173 granuloso
2276 3098 2539 3158 sarinoso
2585 3100 2704 3160 ali-

568 3198 815 3281 quando
860 3197 1091 3257 ambitu
1132 3215 1354 3256 corneo
1364 3241 1383 3272 ,
1432 3197 1827 3275 embryone
1872 3197 1936 3255 in
1977 3197 2149 3275 apice
2198 3200 2422 3258 sacculi
2468 3202 2702 3279 proprii

566 3308 813 3379 recepto
856 3299 1095 3358 inverso
1141 3298 1380 3376 exigu0.
1412 3330 1489 3344 —
1528 3298 1798 3358 Frutiees
1835 3300 1904 3356 in
1942 3299 2128 3359 Asiae
2163 3303 2337 3361 terris
2371 3305 2705 3384 intertropi·

569 3405 690 3481 cis,
714 3402 934 3463 insulis
971 3402 1322 3478 Sundaiois,
1349 3402 1753 3482 Philippinis,
1794 3401 1969 3463 Nova
2010 3402 2243 3463 Guinea
2256 3450 2275 3481 ,
2310 3407 2381 3464 in
2415 3407 2706 3467 umbrosis

569 3506 961 3568 submontosis
997 3516 1054 3564 et
1103 3505 1250 3565 locis
1300 3505 1562 3565 humidis
1606 3506 1883 3586 dispersi,
1927 3508 2035 3566 via·
2086 3508 2167 3567 ad
2201 3510 2431 3570 insulas
2475 3511 2705 3571 Mascu-

572 3609 785 3669 rhenus
827 3609 1249 3689 exspatiantes,
1309 3609 1379 3666 in
1438 3609 1860 3689 indigenarum
1896 3631 2069 3669 usum
2106 3611 2431 3672 culinarem
2466 3634 2541 3673 ac
2580 3633 2705 3672 me-

572 3711 839 3772 dicatum
897 3711 1127 3791 copiose
1189 3730 1263 3770 ex
1321 3710 1499 3792 longa
1556 3731 1849 3771 annorum
1901 3714 2052 3771 serie
2103 3714 2282 3791 culti,
2329 3716 2704 3793 scandentes,

568 3815 810 3890 nodosi,
831 3815 1019 3896 foliis
1050 3813 1292 3874 alternis
1318 3814 1625 3894 petiolatis
1658 3813 2249 3874 cordato-rotundatis
2283 3819 2476 3878 ovatis
2510 3819 2706 3879 oblon-

561 3920 667 4001 gis
696 3918 1047 3978 lanceolaeis
1080 3916 1462 3996 aequilateris
1496 3915 1592 3974 vel
1625 3915 1911 3994 obliquis,
1930 3916 2218 3977 coriaceis
2236 3920 2331 3979 vel
2346 3921 2705 3982 membrana·
2797 3945 2806 3952 ·

568 4024 724 4098 ceis,
750 4023 981 4105 glabris
1007 4021 1102 4080 vel
1123 4018 1598 4100 pubescentibus,
1631 4020 1902 4094 costulis,
1932 4020 2216 4099 multipli·
2249 4022 2347 4081 vel
2378 4022 2702 4104 digitiner-

567 4125 711 4200 viis,
742 4127 1048 4203 utriusque
1077 4121 1285 4202 stirpis
1300 4120 1601 4181 similibus
1629 4123 1724 4182 vel
1747 4121 2159 4200 dissimilibus,
2192 4123 2262 4182 in
2292 4123 2490 4185 eadem
2515 4126 2698 4206 stirpe

634 4333 676 4398 ι)
710 4335 884 4385 Nomen
913 4334 1238 4385 Sanscriticum
1271 4337 1528 4402 specierum
1561 4338 1705 4404 hujus
1732 4343 1914 4407 generis
1939 4339 2191 4391 usualium.
