3153 5134
1581 350 1712 414 294

595 551 870 622 Wallioh.
894 550 984 630 pl.
1020 550 1235 608 emico.
1294 547 1480 607 Caule
1513 546 1800 608 fruticoso
1836 547 2015 608 'tereti
2041 547 2371 609 scandente
2398 550 2730 621 radicafano,

581 652 743 712 foliis
776 652 986 712 subtus
1023 649 1515 729 pubescentibus,
1563 649 1952 714 inferioribus
1987 650 2179 712 matis
2211 650 2600 729 acuminatis,
2639 652 2730 711 in·

589 754 721 815 terd
730 774 832 814 um
866 753 989 812 basi
1023 752 1383 830 suboblique
1414 750 1806 827 subcordatis,
1858 753 2512 832 subquintuplinerviis
2542 755 2735 836 (plan-

587 866 686 917 tae
702 856 967 935 junioris
989 854 1248 914 cordatis
1274 854 1813 933 septuplinerviis),
1831 855 2243 933 superioribus
2254 865 2314 916 et
2332 858 2535 936 stirpis
2551 856 2733 917 maris

587 958 863 1037 oblongis
891 957 1312 1017 lanceolatisve
1346 956 1688 1035 tripli-raro
1723 951 2315 1036 quintuplissnerviis,
2346 961 2733 1021 membrana-

588 1063 748 1136 ceis,
790 1060 1044 1119 amentis
1082 1058 1537 1137 pedunculatis,
1579 1059 1944 1136 pedunculis
1974 1060 2268 1138 petiolum
2303 1063 2732 1141 aequantibus,

585 1163 871 1225 masculis
900 1161 1244 1241 gracilibus,
1280 1161 1558 1221 femineis
1591 1158 1947 1222 florentibus
1977 1162 2329 1241 pedunculo
2360 1164 2738 1244 aequilongis

586 1266 728 1326 dein
769 1263 1141 1344 longioribus
1158 1312 1177 1340 ‚
1208 1265 1405 1325 baccis
1430 1264 1915 1341 globoso-oratis,
1943 1266 2328 1342 acuminatis,
2357 1267 2733 1345 pedicellum

584 1369 686 1428 vix
722 1366 1159 1447 superantibus.

655 1517 814 1584 leon.
862 1510 1087 1584 Rumph.
1120 1510 1269 1566 Hcrb.
1299 1509 1453 1568 Amb.
1487 1500 1631 1566 Tem.
1663 1509 1723 1566 V.
1756 1509 1881 1568 Tab.
1914 1515 2146 1569 xxvm.
2175 1513 2269 1588 fig.
2297 1519 2354 1569 2.
2395 1513 2491 1589 (pl.
2529 1514 2732 1584 femin.)

582 1600 758 1655 minus
796 1610 1062 1664 accurata,
1113 1598 1297 1652 Blume
1345 1598 1385 1653 l.
1411 1616 1456 1654 c.
1490 1598 1583 1673 fig.
1613 1604 1684 1677 26
1716 1619 1760 1657 a.
1791 1598 2039 1671 (lolium),
2082 1600 2206 1658 trab.
2234 1607 2303 1658 11.
2332 1602 2424 1676 fig.
2452 1608 2487 1658 5
2518 1604 2735 1674 (ament.

582 1686 731 1759 sem.)
802 1688 922 1760 Miq.
949 1685 985 1740 l.
1017 1704 1062 1742 c.
1092 1686 1211 1743 Tab.
1249 1690 1343 1742 111.
1372 1686 1608 1760 (stirpem
1640 1689 1957 1761 utramque).

671 1803 974 1865 Habitat
1006 1803 1071 1861 in
1111 1804 1220 1863 ins.
1256 1803 1402 1863 Java
1436 1805 1543 1886 (La
1561 1804 1756 1884 Hayet
1794 1805 1863 1863 in
1894 1804 2068 1864 Herb.
2103 1803 2190 1865 De
2221 1804 2418 1885 Lesa),
2448 1805 2737 1887 frequens

590 1905 662 1965 in
686 1905 869 1986 sylvis
893 1905 1162 1965 humidis
1196 1913 1257 1965 et
1290 1907 1439 1976 locis
1468 1891 1765 1983 montosis,
1786 1907 1998 1984 Javae,
2040 1929 2096 1968 v.
2113 1926 2165 1968 e.
2199 1909 2264 1968 in
2298 1908 2606 1971 montibus
2621 1910 2734 1971 Ma·

589 2027 800 2069 naram
818 2052 836 2082 ,
884 2007 1060 2066 Salak
1079 2052 1095 2078 ,
1149 2007 1213 2066 in
1255 2007 1436 2087 sylvis
1475 2008 1709 2088 Parang
1746 2001 1856 2069 rel.
1897 2008 2166 2092 (Blumet
2221 2010 2288 2069 in
2329 2012 2505 2073 Herb.
2541 2012 2732 2092 Lugd.

591 2107 777 2189 Bam),
819 2109 884 2167 in
932 2107 1142 2168 insulis
1187 2108 1418 2171 Borneo
1473 2120 1536 2171 et
1585 2111 1859 2171 Sumatra
1909 2111 2085 2193 (teste
2117 2103 2411 2199 =Ko‘rtlials
2452 2099 2518 2173 in
2562 2114 2703 2197 litt.)
2713 2160 2735 2193 ,

592 2212 661 2271 in
713 2211 926 2270 insulis
980 2210 1261 2272 Moluccis
1315 2211 1604 2294 (Rumph.
1663 2214 1706 2275 l.
1748 2212 1847 2294 c.).
1928 2215 2002 2273 In
2064 2214 2187 2274 illis
2221 2216 2435 2276 insulis
2472 2236 2506 2276 a
2539 2217 2734 2296 plani·

598 2316 684 2375 tie
719 2313 937 2374 littoris
987 2333 1180 2392 usque
1234 2314 1312 2373 ad
1333 2306 1340 2312 ’
1365 2314 1529 2377 2000
1567 2316 1671 2376 alt.
1709 2316 2077 2394 adscendere
2114 2317 2391 2396 videtur,
2431 2319 2733 2399 sylvicola.

594 2417 888 2479 Incolis
932 2415 1418 2496 Archipelagi
1461 2417 1812 2479 Sundaici
1856 2419 2117 2498 Serung·
2115 2420 2413 2500 Lowong‚
2471 2421 2735 2483 Moluc-

601 2518 945 2582 censibus
983 2518 1165 2598 Ladja
1207 2517 1437 2598 Anjing
1465 2519 1871 2583 dicitur.1n
1905 2522 2099 2584 insula
2138 2520 2383 2604 Penang
2415 2515 2730 2607 (Wallieht

596 2624 737 2684 List.
778 2621 939 2682 6645
978 2621 1052 2681 A.
1092 2629 1154 2681 et
1193 2620 1283 2702 B.)

673 2743 881 2799 caulis
910 2742 1135 2816 lignosus
1163 2742 1502 2798 fasciculatim
1530 2744 1756 2800 radicans
1778 2766 1840 2801 ac
1866 2749 2123 2807 scandens..
2175 2751 2353 2805 Rami
2382 2750 2626 2806 bifurcati
2651 2762 2746 2807 aut

599 2831 967 2889 ramificatione
997 2849 1220 2902 supressa
1252 2829 1504 2904 elongati,
1541 2842 1724 2888 teretes
1740 2873 1758 2902 ,
1793 2836 2000 2908 graciles
2013 2877 2030 2903 ‚
2069 2838 2263 2911 glabri,
2285 2839 2510 2893 lineolati
2526 2879 2544 2907 ,
2561 2839 2745 2895 cortice

601 2919 905 2985 laevissimO,
934 2917 1164 2991 juniores
1197 2917 1422 2972 tenuiter
1449 2917 1622 2992 pilosi,
1656 2920 1776 2992 pilis
1806 2923 2122 2995 patentibus·
2174 2925 2467 2980 internodia
2492 2930 2564 2981 14
2591 2937 2749 2995 cent„

602 3008 858 3081 superiora
892 3009 1074 3060 6—10
1106 3003 1254 3076 longa
1282 3014 1335 3059 ct
1367 3010 1507 3077 5—2
1541 3027 1673 3063 mm.
1700 3028 1861 3064 crassa
1875 3050 1892 3079 ,
1926 3012 2068 3067 nodis
2096 3011 2400 3086 plerumque
2430 3013 2587 3087 duplo
2617 3033 2746 3069 cras-

604 3093 833 3150 sioribus.
905 3090 1263 3145 Radieellae
1309 3109 1338 3146 e
1381 3093 1541 3146 caulis
1581 3113 1685 3153 una
1715 3093 1867 3163 facie,
1901 3098 2075 3170 paullo
2103 3117 2255 3170 supra
2283 3099 2392 3153 folii
2425 3099 2749 3156 insertionem

605 3191 813 3254 emptae
832 3218 849 3247 ,
899 3178 1100 3244 breveS‚
1137 3180 1194 3232 in
1234 3177 1453 3235 laminas
1482 3180 2067 3239 intricate-confluentes.
2139 3185 2307 3238 Folia
2339 3203 2548 3257 superne
2575 3186 2754 3259 glabra

608 3269 775 3326 rarius
820 3266 1161 3322 scabriuscula
1176 3304 1194 3334 ,
1228 3265 1410 3320 subtus
1442 3267 1579 3340 pube
1611 3269 1956 3327 subalbicante
1983 3270 2243 3344 imprimis
2270 3272 2333 3327 ad
2362 3291 2538 3337 nervos
2561 3273 2755 3344 obsita,

611 3356 877 3432 pallidiora
921 3353 1138 3430 glauca,
1186 3355 1355 3413 nervis
1401 3376 1504 3412 non
1548 3358 1694 3412 valde
1735 3358 2155 3432 prominentibus,
2230 3365 2290 3415 ln
2335 3361 2532 3433 stirpe
2575 3380 2754 3420 masc.

614 3445 770 3500 folia
808 3442 1122 3516 superiora
1155 3442 1383 3496 tenuiter
1411 3443 1820 3509 membranacea,
1855 3444 2255 3516 pallidiuscula‚.
2278 3446 2571 3501 internodiis
2597 3449 2757 3525 duplo

614 3531 902 3606 sextuplove
932 3531 1180 3604 longiora,
1216 3528 1401 3584 subtus
1427 3531 1724 3586 tenuissime
1752 3531 2021 3606 puberula,
2057 3532 2459 3589 lato-lanceolata
2489 3546 2582 3589 aut
2608 3537 2757 3611 ellip-

614 3619 978 3693 tiwoblonga,
1027 3616 1353 3683 acuminata,
1405 3618 1641 3671 acumine
1682 3618 2053 3687 obtusiusculo,
2092 3620 2503 3694 subtriplinervia
2539 3632 2631 3676 aut
2659 3622 2759 3677 fere

610 3707 853 3762 trinervia
866 3745 884 3774 ,
935 3726 1090 3761 nervo
1130 3704 1300 3758 medic
1341 3703 1547 3758 fortiore
1588 3704 1655 3759 ad
1698 3708 1888 3779 apicem
1919 3707 2234 3780 pertingente
2247 3747 2264 3776 ,
2298 3728 2499 3763 sursum
2529 3710 2755 3765 ramulos

611 3793 841 3850 laterales
869 3794 1195 3851 horizontales
1227 3803 1401 3847 tenuoe
1428 3793 1724 3861 emittente,
1775 3813 1895 3848 cum
1927 3793 2126 3850 duobus
2155 3795 2447 3852 lateralibus
2474 3798 2754 3870 graciliori·

615 3881 714 3937 bus
757 3882 952 3949 nerviS,
1002 3880 1068 3935 ad
1114 3880 1307 3953 apicem
1351 3899 1451 3934 non
1498 3880 1935 3954 pertingentibuS,
1987 3882 2754 3957 anastomosibusjunctos.1n

612 3969 852 4026 adultis
899 3979 953 4024 et
997 3989 1113 4043 ma]
1103 3969 1340 4023 oribus
1387 3969 1524 4024 foliis
1568 3988 1596 4024 e
1654 3968 1764 4024 basi
1808 3969 1974 4024 adhue
2016 3971 2120 4025 duo
2165 3970 2311 4026 nervi
2349 3972 2626 4026 tenuissimi
2674 3971 2750 4029 la-

614 4059 796 4114 terales
837 4058 1089 4132 prodeunt
1134 4056 1198 4110 ad
1243 4056 1358 4110 folii
1405 4056 1695 4133 marginem
1736 4055 2018 4111 inferiorem
2050 4057 2366 4115 decurrentes
2393 4078 2510 4115 mox
2535 4060 2757 4117 evanidi.

615 4146 844 4201 Petioli
888 4145 1057 4200 breves
1103 4145 1186 4218 vix
1230 4143 1464 4217 puberuli
1508 4149 1534 4198 1
1590 4154 1724 4201 cent.
1760 4175 1831 4186 -—-
1867 4149 1903 4199 5
1945 4164 2073 4202 mm.
2106 4145 2278 4221 longi,
2314 4145 2578 4202 laminae
2608 4153 2752 4203 8-5

612 4241 745 4288 cent.
777 4232 984 4307 longae,
1021 4231 1079 4285 in
1105 4214 1263 4285 diam.
1300 4230 1523 4284 maximo
1553 4235 1735 4295 3-135
1761 4230 1925 4297 latae,
1956 4231 2036 4286 vel
2067 4241 2146 4286 ter
2170 4243 2264 4287 aut
2284 4235 2553 4309 quinquies
2567 4235 2755 4308 longio-

616 4339 696 4376 res
743 4341 902 4396 quam
946 4321 1094 4377 latae.
1181 4319 1351 4375 Folia
1400 4318 1702 4376 inferiora
1748 4338 1880 4395 quae
1920 4328 2120 4375 exstant
2165 4332 2419 4396 separata,
2455 4332 2633 4390 ovata,
2670 4323 2757 4379 vix
