3153 5134
1424 386 1549 448 291

410 577 704 662 depressis
740 538 1071 663 (Korthalsl
1113 580 1182 640 in
1221 579 1400 641 Heri).
1439 575 1630 659 Lugd,
1667 580 1899 665 Batav.)
1910 632 1931 663 ,
1970 588 2038 646 in
2075 585 2272 649 insula
2308 586 2555 667 Penang

407 682 733 763 (Wallicm
776 684 899 744 List
931 704 993 743 ιι.
1025 681 1188 745 6646
1222 679 1319 761 Β.)

478 863 892 921 Praecedcntibus
918 862 1114 931 affinis;
1153 862 1464 919 differentias
1490 865 1531 922 1.
1562 884 1607 921 c.
1634 884 1687 940 p.
1715 872 1785 923 44
1815 868 2000 924 multis
2025 870 2246 943 exposui.

475 956 665 1007 Frutex
706 950 944 1005 scandens
958 988 976 1017 ,
1023 949 1356 1005 radicellas
1383 950 1555 1007 bneves
1581 971 1767 1009 crassas
1793 954 2219 1029 simpliciusculas
2249 966 2557 1014 momentosas

403 1041 587 1115 griseae
628 1038 864 1111 inprimis
908 1038 966 1092 in
1012 1036 1246 1093 inferiore
1290 1038 1452 1093 caulis
1498 1050 1643 1113 parte
1688 1060 1718 1095 e
1765 1042 1908 1098 nodis
1940 1043 2336 1118 internodiisque
2365 1044 2558 1100 multas

400 1128 675 1194 emittens„
730 1144 841 1179 vere
884 1126 1110 1180 radicans
1123 1163 1141 1193 ,
1195 1143 1423 1180 ramosus
1438 1164 1457 1193 ,
1493 1126 1682 1181 ramis
1710 1128 2050 1202 superioribus
2078 1130 2158 1201 (in
2189 1131 2341 1203 sicco)
2376 1130 2555 1187 cinna·

402 1213 1069 1280 momeo-einerascentibus,
1119 1211 1567 1286 longitndinaliter
1612 1214 1803 1270 striatis
1840 1216 2290 1292 canaliculatisque
2304 1257 2322 1287 ,
2355 1216 2554 1292 glaber·

402 1301 580 1368 rimie,
630 1300 860 1355 laevibus
899 1318 1005 1355 non
1050 1299 1365 1365 nitentibus,
1415 1298 1718 1356 internodiis
1748 1299 1882 1357 foliis
1908 1303 2213 1388 plerumque
2243 1304 2557 1361 brevioribus

401 1388 625 1460 (inferne
652 1390 725 1453 6,
774 1404 976 1441 sursum
1007 1386 1043 1439 8
1074 1393 1215 1440 cent.
1239 1382 1464 1458 longis),
1507 1403 1680 1440 versus
1709 1388 2051 1444 extremitates
2077 1408 2181 1443 non
2210 1389 2490 1446 multnm’
2472 1411 2557 1447 ιιι-

399 1474 664 1542 crassatis,
698 1473 841 1528 nodis
869 1491 972 1527 uno
997 1471 1203 1527 latere
1186 1472 1424 1545 inprimis
1447 1471 1665 1527 tumidis
1692 1473 1805 1529 nbi
1816 1474 2033 1548 petiolas
2064 1477 2284 1531 insertus
2310 1488 2413 1546 est,
2449 1495 2556 1554 quo

401 1563 615 1618 deciduo
660 1560 835 1635 ampla
871 1560 1083 1615 cicatrix
1112 1558 1438 1634 relinquitur.
1511 1564 1576 1615 In
1608 1559 1892 1617 internodio
1921 1562 1968 1617 ei
1997 1562 2224 1637 subjecto
2253 1564 2447 1620 canalis
2475 1584 2555 1621 re·

401 1650 557 1726 liquis
602 1647 903 1723 profundior
944 1667 1006 1703 ex
1047 1647 1143 1702 illa
1178 1646 1539 1703 tumefactione
1567 1647 1843 1705 deseendit.
1916 1648 2090 1705 Folia
2127 1651 2348 1728 stirpis
2382 1650 2557 1708 femi-

406 1758 553 1794 neae
597 1736 918 1811 longiuscule
985 1735 1263 1811 petiolata,
1329 1754 1541 1811 magna,
1618 1734 1915 1792 inferiora
1973 1738 2315 1812 superioribus
2377 1738 2562 1796 latiora

401 1826 490 1882 sed
536 1824 783 1892 breviora,
834 1824 1110 1879 lato-ovata
1160 1822 1380 1879 breviter
1419 1832 1514 1878 aut
1556 1842 1660 1879 non
1699 1822 1995 1881 acuminata
2012 1862 2030 1892 ,
2065 1823 2275 1893 obtusa,
2313 1825 2422 1881 basi
2449 1841 2556 1882 ιιοιι
2663 1819 2668 1824 ’

403 1911 651 1987 profunde
694 1912 929 1979 cordata,
974 1910 1235 1987 aequalia,
1287 1911 1438 1986 plana
1451 1950 1470 1981 ,
1505 1929 1668 1968 crasse
1694 1912 1911 1968 coi-iacea
1924 1949 1944 1980 ,
1978 1912 2287 1987 glaber-rima
2302 1952 2320 1982 ,
2354 1924 2557 1971 attactu

403 2001 714 2068 laevissima,
747 2018 954 2056 novem·
985 1999 1373 2073 septemnervia,
1396 2018 1449 2055 n.
1476 2004 1512 2055 2
1544 1999 1745 2055 infimis
1771 1999 1967 2074 exiguis
1994 2001 2097 2056 cito
2126 2001 2555 2059 evanescentibus.

401 2089 628 2145 Subinde
668 2089 726 2144 in
768 2087 937 2143 medio
977 2086 1098 2141 folio
1129 2105 1159 2142 e
1188 2104 1337 2141 nervo
1367 2088 1537 2143 medio
1557 2086 1730 2142 adhuc
1760 2106 1867 2143 una
1894 2087 2118 2143 alterave
2146 2097 2283 2143 costa
2307 2088 2558 2161 ermnpit.

404 2176 697 2252 Aliquando
735 2176 829 2231 hae
872 2175 1003 2230 duae
1031 2192 1060 2228 e
1086 2173 1197 2228 basi
1228 2172 1330 2228 fere
1353 2174 1606 2247 prodeunt
1621 2211 1639 2241 ‚
1675 2183 1731 2229 at
1756 2183 1887 2229 tunc
1914 2174 2017 2230 duo
2038 2175 2180 2231 nervi
2206 2173 2444 2231 basilares
2470 2175 2561 2231 de·

404 2265 594 2320 ficiunt
614 2304 632 2333 ,
676 2264 798 2319 adeo
841 2271 907 2317 ut
946 2261 1132 2317 folium
1173 2280 1378 2316 novem·
1422 2270 1765 2334 septemnerve
1806 2270 2031 2317 maneat.
2101 2262 2250 2316 Nervi
2283 2262 2341 2316 in
2371 2262 2561 2338 pagina

409 2351 644 2407 interiore
686 2350 917 2405 multum
961 2348 1286 2423 prominent,
1337 2348 1486 2404 initio
1531 2347 1765 2421 paralleli
1808 2347 1928 2418 dein
1956 2366 2129 2404 versus
2156 2348 2270 2403 folii
2294 2349 2556 2405 ambitum

406 2438 664 2505 tendunt,
700 2446 754 2491 et
781 2437 840 2491 in
867 2454 1035 2492 ramos
1056 2443 1481 2491 anastomosantoe
1507 2452 1654 2489 arcus
1680 2434 1947 2507 angulosos
1976 2434 2247 2497 formantes
2270 2436 2557 2504 dissolvun-

404 2534 520 2593 tur;
551 2524 749 2583 iteratis
767 2523 1164 2580 anastomosibus
1193 2523 1572 2579 reticulationes
1599 2532 1910 2597 tetragonas,
1931 2522 2235 2599 plerumque
2251 2534 2560 2605 pentagonas

402 2614 733 2689 polygonasve
759 2613 1097 2669 constituunt.
1170 2615 1331 2666 Arcus
1353 2610 1547 2665 externi
1570 2609 1858 2665 areolarum
1881 2611 2271 2684 marginalium
2276 2612 2558 2668 nervulum

401 2701 682 2757 flexuosum
722 2719 754 2755 a
795 2700 1028 2774 margine
1068 2697 1315 2754 remotius
1364 2696 1718 2751 decurrentem
1748 2696 2041 2752 efformant.
2113 2696 2301 2771 Pagina
2332 2699 2559 2773 superior

400 2789 520 2864 plus
560 2790 737 2844 minus
783 2789 968 2845 nitens».
1055 2785 1329 2843 Petiolus
1376 2784 1503 2840 folio
1540 2794 1725 2858 quater
1772 2784 1874 2839 fere
1900 2784 2099 2840 brevior
2122 2785 2410 2856 rsemiteres,
2445 2786 2558 2842 basi

400 2877 759 2948 subvaginans,
809 2873 984 2947 glaber
1031 2880 1233 2927 attactu
1263 2879 1437 2926 tamen
1464 2871 1640 2926 minus
1671 2870 1827 2927 laevis
1845 2909 1863 2940 ,
1898 2872 2068 2927 antiee
2094 2873 2215 2946 plus
2244 2873 2417 2930 minus
2443 2893 2556 2950 pro-

401 2964 558 3019 funde
582 2962 983 3029 canaliculatus,
1008 2961 1313 3035 plerumque
1344 2976 1498 3033 prope
1518 2959 1768 3014 laminam
1800 2958 2038 3030 callosus,
2063 2962 2121 3016 in
2143 2979 2320 3035 genere
2345 2966 2560 3018 crasans.

400 3051 604 3107 Folium
635 3069 805 3105 unum
839 3055 909 3105 13
941 3059 1076 3106 cent.
1103 3047 1345 3121 longum,
1367 3047 1421 3102 in
1453 3046 1623 3102 medio
1647 3045 1750 3102 fere
1779 3051 1815 3102 9
1840 3046 2040 3117 latum3
2078 3047 2351 3122 petiolas
2379 3054 2415 3105 4
2441 3049 2554 3106 lon·

396 3158 520 3213 gns,
539 3143 572 3193 4
594 3158 723 3193 mm.
742 3155 949 3192 crassus.
1015 3134 1204 3190 Aliud
1235 3133 1457 3189 folium
1484 3139 1554 3190 11
1576 3143 1712 3189 cent.
1728 3133 1931 3201 latum,
1955 3145 2010 3191 et
2036 3137 2203 3192 multo
2230 3136 2432 3192 brevius
2458 3146 2553 3194 est.

400 3227 570 3281 Folia
618 3225 935 3299 superiora
979 3242 1011 3278 a
1043 3222 1254 3297 reliquis
1281 3220 1565 3291 differunt3
1605 3240 1775 3277 unum
1807 3221 1945 3296 quod
1975 3241 2146 3278 coram
2174 3224 2363 3298 habeo,
2397 3243 2554 3297 prope

396 3324 663 3368 amentum
708 3310 1038 3366 fructiferum
1067 3309 1341 3378 insertum,
1381 3319 1609 3364 erectum
1624 3347 1641 3377 ,
1682 3308 2264 3385 oblongo-rhomboidale
2279 3348 2297 3377 ,
2330 3312 2440 3366 basi
2471 3330 2554 3366 ae-

399 3399 578 3474 quale,
611 3398 715 3453 fere
739 3406 1066 3464 truncatum,
1103 3397 1246 3469 apice
1268 3395 1487 3450 breviter
1514 3404 1567 3449 et
1598 3394 1776 3450 obtuse
1804 3397 2189 3466 acuminatum,
2225 3396 2548 3455 inferioribus

399 3483 574 3538 minus
617 3485 934 3553 coriaceum,
985 3483 1217 3557 petiolo
1259 3481 1507 3551 breviori,
1529 3500 1530 3503 ¹
1556 3480 1732 3536 minus
1774 3502 1935 3540 crasso
1963 3504 2054 3541 nec
2082 3486 2262 3542 calloso
2294 3487 2540 3555 affixum,

399 3571 865 3646 quinquenervium
878 3610 896 3639 ,
948 3588 1071 3624 cum
1116 3567 1314 3625 duobus
1355 3568 1522 3623 nervis
1565 3568 1686 3623 satis
1727 3558 1910 3626 validis
1952 3590 1982 3625 e
2025 3591 2174 3628 nervo
2208 3574 2375 3629 medio
2410 3574 2551 3630 haud

401 3658 578 3736 procul
622 3679 654 3715 a
699 3659 809 3715 basi
840 3657 1205 3733 prodeuntibus
1234 3657 1379 3730 (hinc
1407 3657 1889 3731 septuplinervimn)
1910 3659 1978 3714 ad
2006 3662 2202 3735 apicem
2231 3664 2322 3735 per
2347 3673 2548 3718 anasto÷

401 3766 562 3804 moses
605 3746 708 3803 fere
750 3746 937 3805 ductis.
1023 3747 1175 3803 Nervi
1216 3745 1319 3802 duo
1362 3744 1621 3801 interiores
1649 3744 1786 3802 infra
1817 3747 2053 3805 medium
2080 3749 2267 3805 folium
2289 3751 2406 3825 jam
2436 3770 2551 3808 eva-

406 3846 638 3893 nescunt.
710 3840 817 3890 Hoc
847 3835 1073 3892 folium
1101 3841 1173 3892 18
1204 3845 1338 3893 cent.
1366 3833 1617 3909 long-um,
1656 3839 1692 3889 '7
1720 3834 1921 3904 latum,
1970 3838 2236 3911 petiolas
2271 3845 2306 3894 3
2343 3840 2554 3914 longus,

408 3928 444 3981 2
476 3944 606 3982 mm.
631 3943 843 3980 crassus.
912 3923 1142 3998 Stirpis
1166 3923 1357 3979 maris
1387 3922 1608 3978 folium
1632 3923 1891 3978 eramulo
1909 3923 2133 3996 juvenili
2161 3928 2374 3982 florente
2399 3925 2548 3981 estor-

404 4022 611 4068 matum
624 4051 642 4082 ,
665 4010 924 4087 juvenile,
960 4010 1431 4080 membranaceum,
1467 4029 1495 4065 e
1520 4010 1629 4065 basi
1655 4022 1803 4066 ovata
1832 4001 2191 4089 subinaequali'
2209 4012 2554 4070 lanceolatum

403 4099 1071 4166 attenuato-acuminatum,
1120 4097 1586 4174 quinquenervium
1602 4137 1619 4167 ‚
1671 4116 1793 4152 cum
1835 4095 2032 4153 duobus
2074 4099 2241 4154 nervis
2279 4098 2412 4154 inira
2448 4119 2553 4156 me·

406 4185 556 4242 dium
603 4187 787 4243 folium
830 4186 1123 4242 alternatim
1166 4183 1550 4260 prodeuntibus.
1640 4185 1787 4240 Nervi
1834 4185 1937 4241 duo
1979 4185 2154 4241 infimi
2198 4185 2436 4241 omnibus
2479 4196 2555 4244 te·

407 4275 610 4330 nuioroe
636 4273 742 4330 cito
771 4275 830 4329 in
856 4283 1187 4330 anastemoses
1214 4271 1616 4345 delinqunscunt.
1665 4277 2005 4328 Anastomoses
2033 4273 2284 4329 tenuiores
2316 4293 2554 4336 numero-

409 4379 505 4419 sae.
540 4361 812 4421 Petiolus
838 4361 1006 4421 brevis
1039 4361 1224 4421 tenuis.
1266 4365 1598 4417 Amentum
1634 4358 1767 4417 fem.
1797 4361 2141 4435 pedunculo
2171 4363 2346 4433 tereti,
2371 4363 2557 4438 petiolo

2113 4458 2160 4496 ιι
2180 4471 2209 4505 ,ι
