3153 5134
1619 310 1750 375 314

684 507 873 564 Aliud
917 526 999 582 sp.
1040 525 1218 566 masc.
1248 505 1403 563 folia
1432 506 1744 582 superiora
1768 506 1928 562 habet
1957 507 2062 570 basi
2093 527 2194 563 non
2220 525 2334 564 raro
2363 520 2543 582 acuta,
2583 518 2747 576 5-6-

603 599 784 655 >nervia
828 598 991 654 nervis
1038 596 1271 654 omnibus
1319 597 1425 652 fere
1467 616 1496 651 e
1540 596 1649 651 basi
1687 597 1843 665 ortis,
1887 606 2134 652 amenta
2163 596 2431 672 virginalia
2455 613 2749 674 recurvata,

604 687 841 742 florentia
887 684 1343 759 patenti-pendula,
1395 689 1536 740 5-8
1581 693 1715 739 cent.
1762 687 1928 759 longa.
2014 688 2304 740 Bracteae
2338 686 2584 763 oblongae
2608 691 2747 764 apice

607 774 846 830 elevatae.
881 773 1161 827 Stamina
1191 776 1226 828 2
1257 772 1524 840 deflorata,
1546 772 1890 827 {ilamentis
1914 772 2226 828 eraoeissimis
2244 773 2457 831 ⁴elevatis
2483 778 2746 851 persisten-

606 862 773 928 tibus,
822 860 1047 915 authoris
1090 859 1458 915 bilocularibus
1474 898 1491 927 ‚
1543 860 1718 915 loculis
1751 860 1859 916 basi
1898 861 2043 917 valde
2072 862 2453 936 diver-gentibus
2480 865 2588 924 fem
2613 865 2744 923 huri·

601 947 899 1006 zontalibus·
970 946 1066 1002 Vix
1095 945 1198 1001 huc
1226 948 1475 1021 pertinere
1501 957 1680 1021 potest.
2635 1013 2642 1020 ⁸

670 1041 767 1110 sp.
797 1034 1139 1108 hermaphr.
1179 1033 1278 1090 nb.
1327 1034 1511 1089 Willd.
1551 1035 1760 1091 omnino
1801 1055 1923 1091 cum
1958 1056 2016 1093 eo
2042 1036 2194 1094 Herb.
2232 1041 2305 1092 De
2332 1043 2461 1095 Less,
2483 1041 2741 1115 congruit.

598 1129 858 1181 Amenta
903 1126 976 1187 6}
1022 1130 1156 1177 cent.
1203 1122 1386 1196 longa,
1435 1122 1787 1197 pedunculo
1832 1130 1868 1181 2
1912 1135 2047 1184 cent.
2083 1136 2367 1200 superante.
2436 1128 2741 1203 Stigmata

596 1214 899 1289 plerumque
929 1215 963 1265 3
992 1229 1153 1265 crassa
1184 1210 1452 1283 puberula.

670 1308 736 1358 ln
765 1298 941 1356 Herb.
971 1298 1259 1354 Wallicb.
1294 1301 1373 1370 (n.
1396 1303 1542 1355 6658
1559 1304 1617 1355 Β.
1638 1320 1762 1355 cum
1774 1304 1829 1358 P.
1852 1303 2171 1376 aurantiaco)
2201 1323 2277 1379 sp.
2300 1304 2437 1360 adest
2458 1304 2736 1364 femineum

594 1395 780 1451 florens
799 1429 817 1458 ‚
863 1390 921 1443 in
956 1387 1159 1444 Silhet
1193 1388 1387 1443 lectum
1407 1426 1424 1455 ‚
1457 1387 1800 1444 verisimiliter
1826 1389 1932 1445 bue
1957 1390 2309 1461 referendum,
2340 1393 2538 1469 insigne
2564 1394 2734 1453 foliis

594 1478 876 1556 majoribus
892 1515 911 1545 ,
942 1477 1103 1531 nervis
1132 1481 1168 1531 3
1200 1476 1443 1550 utrinque
1471 1476 1717 1534 remotius
1745 1496 1775 1534 a
1805 1477 1913 1532 basi
1943 1479 2085 1535 ortiS.

668 1568 887 1626 Adnot.
959 1570 1088 1620 Haec
1133 1565 1289 1619 etiam
1321 1565 1503 1637 speciae
1531 1564 1770 1638 inprimis
1801 1566 1984 1621 saltem
2013 1568 2151 1642 quod
2177 1577 2240 1624 st.
2270 1567 2733 1644 hermaphroditam

592 1658 813 1724 attinet‚
860 1664 991 1709 certe
1031 1653 1293 1728 hucusque
1333 1654 1533 1727 cognita
1560 1651 1794 1707 habenda
1824 1664 1916 1709 est.
1988 1659 2132 1726 Quae
2160 1656 2301 1712 enim
2327 1657 2390 1711 de
2416 1676 2558 1713 mare
2581 1667 2634 1713 et
2661 1656 2735 1714 fe-

594 1748 735 1802 mina
778 1753 897 1799 tum
926 1761 986 1797 ex
1013 1742 1169 1815 ipsius
1195 1755 1349 1797 non.
1378 1741 1804 1796 observationibus
1837 1752 1955 1797 tum
1982 1762 2044 1799 ex
2072 1745 2183 1817 ejus
2210 1745 2569 1818 speciminibus
2597 1746 2735 1801 siccis

591 1834 863 1901 annotavi,
911 1851 1001 1906 per
1044 1850 1094 1885 se
1138 1829 1347 1903 quidem
1391 1830 1511 1885 satis
1538 1830 1790 1903 completa
1822 1830 1961 1886 haud
1992 1841 2167 1887 tamen
2198 1834 2433 1890 scientiae
2460 1833 2729 1910 postulatis

589 1924 735 1981 omni
777 1920 929 1977 modo
973 1917 1287 1974 satisfaciunt
1304 1956 1322 1985 ‚
1372 1935 1521 1984 cum,
1571 1918 1630 1972 in
1675 1918 1896 1992 quadam
1942 1919 2080 1976 inter
2123 1921 2244 1977 folia
2278 1922 2610 1996 discrepantia
2623 1959 2643 1990 ‚
2668 1919 2726 1976 id

592 2022 714 2069 ante
757 2009 927 2065 omnia
967 2006 1133 2061 denuo
1174 2003 1539 2079 explorandum
1583 2003 1839 2075 videatur,
1886 2024 1953 2062 an
1999 2027 2173 2064 omnes
2214 2008 2309 2064 hae
2348 2010 2529 2084 stirpes
2559 2027 2728 2066 revera

587 2099 741 2156 unius
766 2092 1092 2178 speciei‘sint.

677 2274 738 2336 4.
815 2275 1051 2344 Piper
1100 2271 1473 2341 sylvestre
1516 2270 1848 2332 Lamon-ck!
1889 2271 2112 2332 Illustr.
2135 2293 2203 2352 p.
2236 2271 2337 2335 79.
2414 2274 2494 2336 Ρ.
2509 2275 2720 2356 fallax

592 2375 902 2441 Richard!
959 2374 1034 2433 P.
1074 2374 1341 2453 spuo-ium
1385 2373 1591 2432 Link!
1627 2374 1831 2433 Jahrb.
1866 2374 2004 2434 III.
2036 2396 2096 2454 p.
2131 2375 2188 2436 6.
2267 2376 2344 2436 P.
2371 2377 2716 2458 glyphicum

594 2484 1079 2563 Hoffmannsegg.
1194 2474 1377 2535 Caule
1446 2475 1732 2537 fruticoso
1787 2476 2108 2538 scandente
2160 2478 2468 2540 radicante
2484 2527 2504 2558 ,
2558 2481 2720 2542 foliis

594 2579 1067 2649 membranaceis
1101 2580 1738 2658 pellucido-punctatis
1768 2581 1989 2660 glabris
2015 2602 2194 2662 supra
2227 2583 2552 2662 viridibus,
2585 2587 2722 2647 sub·

597 2702 695 2753 tus
746 2688 1010 2770 glaucis,
1051 2685 1237 2745 ovatis
1252 2731 1272 2762 ,
1315 2686 1708 2762 acuminatis,
1747 2685 1873 2746 basi
1910 2685 2156 2768 obliqua
2190 2687 2293 2748 vel
2323 2687 2389 2749 in
2423 2688 2718 2749 inferiori·

596 2797 712 2858 bus
726 2795 854 2854 sere
870 2788 1110 2872 aequali
1142 2788 1545 2864 subcordati8‚
1579 2791 2065 2869 septemnerviis,
2105 2792 2307 2851 nervis
2332 2791 2371 2851 3
2400 2792 2616 2853 mediis
2639 2792 2718 2852 ad

592 2900 826 2980 apicem
858 2894 1089 2969 ductis,
1129 2892 1382 2950 amentis
1415 2911 1593 2952 masc.
1629 2892 2049 2970 pedunculatis
2083 2893 2463 2956 filisormibus
2487 2894 2717 2975 pendu-

585 3005 662 3063 lis
676 3049 696 3081 ,
734 2998 991 3061 bracteis
1019 2994 1549 3073 lineari-oblongis·

656 3125 835 3182 Herb.
862 3120 1046 3178 Willd.
1080 3140 1133 3175 n.
1168 3121 1305 3173 685!
1344 3123 1482 3173 680!
1520 3137 1626 3173 exc.
1659 3137 1734 3191 sp.
1762 3137 1815 3175 n.
1846 3124 1898 3174 3.

666 3243 964 3303 Habitat
995 3238 1063 3300 in
1097 3240 1210 3303 ins,
1246 3237 1507 3300 Mauritii
1540 3237 1889 3319 (Lamarekl
1932 3236 2046 3300 l.c.
2083 3237 2191 3300 Hb.
2222 3237 2309 3301 De
2341 3235 2561 3320 Less.!),
2597 3238 2710 3303 Ma·

587 3347 818 3410 labaria
832 3347 885 3422 22,
921 3346 989 3403 in
1026 3343 1136 3405 ins.
1176 3341 1459 3403 Bourbon
1490 3340 1691 3422 (Herb.
1728 3340 1812 3400 De
1846 3339 2046 3422 Less.!)

653 3476 841 3527 Fruoex
886 3465 1153 3532 scandenS.,
1204 3463 1487 3518 dichotome
1528 3481 1787 3532 ramosus,
1833 3465 2019 3520 ramis
2062 3463 2443 3540 ramulisque
2481 3466 2719 3524 teretibus

580 3550 798 3636 glabris,
833 3553 1106 3621 striulatis,
1137 3550 1429 3607 internodiis
1471 3554 1651 3605 3—12
1697 3552 1831 3606 cent.
1876 3551 2040 3625 longis
2055 3592 2071 3619 ‚
2106 3552 2248 3607 nodis
2270 3572 2455 3627 parum
2484 3555 2714 3613 tumidis.

579 3646 758 3705 Folia
825 3641 1237 3706 membranacea,
1296 3637 1851 3713 pellucido-punctam,
1892 3640 2187 3695 inferiora
2223 3650 2278 3696 et
2310 3642 2562 3699 stolonum
2589 3644 2715 3699 lato-

576 3745 725 3793 ovata
742 3771 760 3800 ‚
808 3729 1109 3806 aequilatera
1124 3766 1141 3794 ‚
1190 3726 1297 3781 basi
1329 3726 1531 3780 cordata
1549 3764 1566 3791 ‚
1605 3726 1743 3798 apice
1773 3727 2067 3781 acuminata
2082 3766 2100 3795 ‚
2135 3730 2499 3801 septemnervia
2515 3769 2532 3797 ‚
2569 3734 2714 3785 5-8

580 3833 714 3882 cent.
743 3822 917 3895 longa,
956 3821 1135 3881 4—53
1165 3815 1297 3883 lata,
1335 3813 1586 3888 petiolis
1616 3818 1760 3868 3-6
1793 3824 1924 3869 cent.
1947 3814 2128 3889 longis.
2199 3818 2519 3891 Superiora
2548 3827 2715 3874 ovato.

574 3914 790 3985 oblonga
806 3947 825 3977 ,
869 3906 978 3961 basi
1028 3903 1284 3979 inaequali
1332 3902 1628 3958 subcordata
1645 3941 1662 3969 ‚
1713 3901 1833 3973 plus
1872 3902 2044 3956 minus
2086 3903 2476 3980 inaequilatera‚
2526 3905 2710 3962 sensim

569 4002 771 4075 longius
816 3994 1108 4050 acuminata
1125 4030 1143 4059 ,
1189 3990 1423 4046 acumine
1451 4000 1627 4056 acuto,
1664 3987 1964 4063 plerumque
1990 3993 2352 4064 septemnervia
2365 4032 2382 4061 ,
2419 3996 2705 4052 6—9—11

572 4100 705 4148 oent.
749 4087 932 4159 longa,
986 4087 1159 4150 3ξ--5
1200 4080 1338 4147 lata,
1374 4079 1626 4153 petiolis
1653 4081 1796 4133 1—2
1825 4088 1957 4135 cent.
1988 4078 2184 4155 longis3
2221 4081 2274 4136 in
2308 4083 2545 4139 omnibus
2570 4102 2707 4140 mar.

574 4180 714 4255 gines
753 4171 894 4227 haud
934 4168 1179 4236 revoluti,
1232 4166 1413 4240 pagina
1458 4185 1567 4239 sup.
1619 4175 1838 4221 saturata
1883 4167 2055 4223 viridis
2101 4188 2284 4242 parum
2319 4170 2503 4239 nitida,
2544 4174 2706 4228 nervis

573 4268 762 4322 lineata
782 4301 800 4330 .,
849 4257 1053 4315 inferior
1098 4255 1281 4330 glauca
1294 4293 1311 4321 ‚
1347 4253 1511 4309 nervis
1541 4253 1692 4309 fuscis
1721 4265 1977 4330 pertense,
2015 4265 2230 4332 utraque
2254 4256 2446 4332 glabra.
2517 4262 2706 4315 Nervus

579 4353 773 4411 medius
818 4347 880 4405 ad
929 4346 1121 4421 apicem
1138 4384 1155 4414 .,
1210 4338 1503 4400 lateralium
1552 4342 1750 4400 medius
1788 4342 1900 4404 fere
1945 4343 2007 4401 ad
2036 4345 2227 4419 apicem
2242 4383 2260 4414 ,
2295 4345 2427 4403 alter
2457 4345 2523 4403 ad
2554 4348 2585 4411 ἑ
2613 4346 2705 4405 alt.
