3153 5134
1627 365 1758 434 288

617 566 820 638 wile&
881 575 1162 634 Stamina
1210 571 1348 640 duo,
1398 569 1630 626 nondum
1670 568 1903 636 evoluta,
1936 565 2294 622 filamentis
2330 563 2413 621 vix
2444 560 2581 625 ullis.
2653 573 2768 626 Ans

620 669 837 725 therae
878 667 1195 723 bil'oculares.
1280 665 1608 716 Amentum
1643 657 1850 714 femin.
1880 656 2124 711 florens
2154 673 2257 710 non
2280 655 2402 711 vidi.
2475 661 2767 714 Bracteae

620 756 832 830 pilosae,
879 751 1417 825 orbiculato—peltatae.
1502 746 1726 803 Ovaria
1768 745 1959 800 sterilia
1986 744 2043 798 in
2074 743 2214 817 apice
2242 743 2662 800 tri-tuberculata
2684 756 2767 801 tot

618 845 923 918 stigmata
959 839 1183 894 indicare
1211 834 1462 891 videntur.
1534 838 1870 887 Amentum
1899 829 2173 885 baccifer
2212 828 2457 884 adultum
2507 831 2767 889 robustius

619 930 817 1005 longius
833 968 851 997 ,
885 927 1088 983 inferne
1115 921 1352 996 inprimis
1383 921 1578 975 flexum
1595 958 1613 987 ,
1649 938 1710 973 ex
1734 917 2029 973 horizontali
2064 916 2171 971 basi
2194 916 2497 973 adscendens
2514 957 2532 987 ,
2569 920 2766 975 circum

617 1017 891 1073 baccarum
933 1015 1069 1070 bases
1107 1008 1522 1085 pedieellitbrmes
1568 1005 2071 1061 fusce-tomentosum
2084 1042 2104 1074 ,
2156 1013 2386 1061 tomento
2442 1005 2765 1063 bractearum

620 1103 982 1177 persiste-ntum
1009 1097 1313 1154 rudimentis
1341 1094 1590 1163 formato,
1626 1099 1697 1160 4}
1726 1103 1858 1150 cent.
1881 1093 2123 1166 longum3
2158 1094 2548 1168 pedunculus
2578 1102 2608 1151 1
2629 1106 2766 1155 cent.

619 1191 805 1264 longus
831 1189 1007 1242 minus
1027 1204 1219 1241 crassus
1242 1193 1295 1238 et
1317 1182 1399 1237 uti
1421 1181 1624 1236 rhachis
1636 1180 1826 1255 glaber.
1863 1178 2376 1234 Baccaesecundum
2390 1180 2548 1236 lineas
2560 1181 2766 1256 spirales

618 1278 865 1345 insertae,
918 1276 974 1329 in
1020 1272 1355 1347 pedicellos
1402 1289 1507 1324 una
1548 1270 1700 1324 tertia
1747 1278 1917 1342 parte,
1974 1268 2061 1322 vix
2087 1267 2277 1341 duplo,
2313 1268 2557 1343 longiores
2585 1281 2763 1325 tenues

617 1362 1089 1421 subhorizontaliter
1116 1369 1345 1433 patentes
1361 1357 1705 1427 constrictae3
1757 1355 2080 1429 pedicellis
2113 1357 2221 1427 (seu
2254 1355 2460 1412 basibus
2491 1357 2767 1413 baccarum

621 1451 856 1527 pedicelli
906 1449 971 1505 ad
1012 1449 1175 1504 instar
1204 1445 1498 1517 contractis)
1528 1445 1702 1499 ovaria
1730 1443 1960 1499 abortiva
1990 1444 2358 1498 conioo—teretia
2387 1445 2525 1517 apice
2554 1445 2648 1500 tri·
2684 1446 2768 1502 vel

624 1538 1156 1615 quadri-tuberculata
1204 1534 1420 1590 bracteis
1461 1534 1606 1589 siccis
1653 1533 1841 1606 stipata
1889 1531 2185 1605 interposita
2227 1541 2365 1589 sunt.
2443 1537 2664 1589 Baccae
2708 1534 2769 1590 in

622 1628 823 1703 singulo
887 1635 1090 1681 amento
1133 1627 1352 1679 4o—5o
1397 1632 1450 1677 et
1497 1621 1700 1695 plures,
1751 1618 2077 1693 subglobosae
2092 1657 2110 1686 ‚
2156 1618 2561 1693 subapiculatae,
2610 1621 2772 1678 siccae

619 1724 913 1789 corrogatae
968 1711 1362 1768 atro-brunneae
1377 1747 1395 1775 ,
1460 1707 1843 1784 aliquantulum
1910 1707 2129 1761 nitentes
2149 1744 2167 1775 ,
2214 1707 2373 1764 diam.
2431 1708 2613 1783 longit.
2655 1715 2765 1763 5⁸-

618 1808 657 1860 8
704 1822 857 1873 mm.;
892 1800 1186 1876 pedicelli
1225 1803 1372 1854 6-7
1392 1797 1554 1871 longi,
1591 1801 1623 1851 1
1652 1815 1783 1852 mm.
1805 1796 1906 1849 tere
1927 1793 2097 1850 crassi.
2170 1799 2354 1849 Baccae
2379 1794 2763 1870 epicarpium

618 1900 802 1957 tenue,
836 1888 1060 1963 pulpam
1095 1884 1404 1940 subbrunnei
1444 1883 1622 1938 coloris
1649 1882 1928 1938 includens.
1999 1887 2209 1936 Semen
2239 1881 2597 1957 subglobosum
2626 1884 2768 1957 apice

619 1987 674 2034 et
718 1977 834 2033 basi
874 1974 1168 2030 brevissime
1213 1971 1902 2046 apiculato-productum,·5
1934 1989 2064 2025 mm.
2113 1969 2315 2026 circiter
2358 1971 2571 2045 longum
2587 2010 2607 2042 ,
2642 1977 2675 2027 4
2708 1970 2766 2027 in

618 2065 797 2134 diam.,
831 2059 1349 2136 spermodermide
1377 2058 1567 2132 pallida
1601 2057 2042 2131 griseo—brunnea,
2079 2058 2242 2112 nervis
2268 2059 2459 2113 octonis
2487 2068 2578 2113 aut
2606 2060 2769 2132 pluri·

618 2152 719 2208 bus
761 2149 1024 2207 undulatis
1063 2147 1365 2203 subramosis
1399 2144 1842 2218 longitudinah'ter
1875 2164 2106 2217 percursa
2123 2183 2140 2213 ,
2176 2146 2354 2215 tenui3
2388 2146 2766 2219 endopleura

618 2239 940 2307 laevissima,
990 2236 1288 2311 profundius
1335 2235 1586 2301 brunnea,
1638 2233 1852 2288 nitente.
1932 2232 2236 2288 Albumen
2282 2244 2445 2289 totam
2492 2236 2763 2290 cavitatem

618 2328 871 2402 implenS,
918 2336 1063 2381 extus
1108 2323 1545 2389 brunneo-nitenS,
1595 2323 1736 2376 intus
1768 2321 1949 2375 sensim
1981 2321 2242 2394 pallidius,
2277 2321 2332 2376 in
2359 2333 2533 2378 centro
2559 2322 2659 2378 tere
2688 2322 2762 2377 al-

620 2415 820 2484 bicans,
847 2412 1355 2469 eeraeeo-l'arinosum.
1402 2413 1503 2464 Em
1515 2409 1665 2483 bryo
1700 2408 1756 2462 in
1786 2408 1926 2481 apice
1955 2408 2143 2463 sacculi
2172 2409 2494 2464 brevi-conici
2522 2410 2764 2467 inclusus.

621 2506 744 2579 (sec.
791 2523 864 2579 sp.
889 2503 1121 2578 javana
1150 2500 1425 2554 Blumeana
1458 2496 1553 2552 Hb.
1582 2496 1740 2571 Lugd.
1772 2501 1882 2553 Bat.
1914 2505 1967 2552 et
1998 2515 2101 2571 reg.
2132 2495 2311 2569 heroi.)
2383 2502 2603 2553 Baccae
2628 2498 2760 2573 opti-

623 2613 741 2650 mae
784 2592 957 2667 quales
984 2591 1038 2645 in
1067 2586 1588 2662 Pharmacopoliis
1616 2596 1813 2641 exstant
1840 2595 1962 2640 sunt
1992 2585 2159 2640 aridae
2179 2625 2196 2652 ‚
2228 2586 2491 2661 globosae,
2524 2587 2765 2662 pedicello

618 2700 823 2738 sursum
868 2681 1135 2735 incrassato
1172 2687 1226 2732 et
1267 2676 1421 2730 bacca
1462 2674 1712 2747 longiore,
1767 2672 2248 2747 atro-fusco-griscae
2264 2714 2282 2740 ,
2331 2677 2472 2750 quasi
2515 2676 2768 2747 subgrisea

620 2769 806 2843 pruina
837 2769 1071 2835 indutae,
1094 2777 1241 2821 extus
1270 2782 1507 2838 rugosae,
1532 2762 1692 2835 pulpa
1724 2761 1836 2817 scil.
1864 2781 2063 2817 succosa
2080 2762 2135 2817 in
2164 2764 2325 2837 plicas
2355 2766 2516 2820 varias
2542 2775 2765 2820 contrac-

627 2866 704 2924 ta,
716 2870 849 2931 quae
864 2866 1036 2911 tamen
1049 2854 1194 2909 valde
1208 2853 1460 2926 regulares
1474 2849 1663 2905 areolas
1678 2848 1947 2923 polygonas
1958 2861 2132 2922 penta·
2149 2862 2240 2906 aut
2255 2852 2534 2925 hexagonas
2545 2857 2765 2908 20—30

621 2944 862 3002 formant.
914 2943 1055 2999 Aliae
1081 2941 1259 2996 baccae
1283 2939 1585 2995 obscurioris
1615 2938 1790 2993 coloris
1807 2977 1825 3006 ,
1845 2938 1973 2994 aliae
1999 2940 2291 3013 pallidioris.
2344 2944 2551 3014 Majores
2581 2946 2616 2996 5
2635 2960 2766 2999 mm.

623 3033 675 3090 in
705 3032 883 3099 diam.,
913 3016 1188 3104 pedicellus
1217 3031 1391 3094 5—8,
1429 3025 1593 3079 rarius
1624 3031 1655 3080 1
1692 3033 1826 3079 cent.
1850 3024 1988 3098 long.
2058 3029 2191 3080 Sem
2203 3045 2274 3080 en
2304 3038 2440 3082 arcte
2470 3048 2590 3083 cum
2607 3031 2764 3104 pulpa

621 3120 803 3177 baccae
849 3117 1092 3173 exsiccata
1139 3114 1401 3182 cohaeret,
1449 3122 1502 3166 et
1530 3121 1756 3166 testam
1789 3110 2195 3183 albido-griseam
2226 3110 2403 3181 offert,
2435 3115 2762 3189 endopleu.

511 3226 514 3229 ’
622 3228 751 3266 ram
770 3207 1016 3261 nitentem
1029 3241 1046 3270 ,
1063 3202 1118 3256 in
1142 3202 1253 3256 aliis
1274 3202 1484 3274 griseam
1502 3198 1579 3254 vel
1596 3199 1790 3255 sordide
1807 3198 2164 3266 latescentem,
2183 3197 2238 3251 in
2253 3198 2369 3255 aliis
2397 3201 2762 3264 rubescentem.

622 3297 899 3356 Nucleus
942 3301 1088 3346 extus
1130 3289 1488 3344 subbrunncns
1529 3298 1624 3343 aut
1666 3287 1913 3342 luteseeus
1956 3285 2097 3339 intus
2143 3286 2397 3356 albicans,
2442 3290 2499 3345 in
2527 3291 2768 3351 diffracta

622 3387 775 3443 bacca
791 3422 809 3453 ,
843 3377 1268 3457 spermodermide
1301 3377 1367 3431 ad
1411 3376 1744 3451 pericarpium
1780 3373 2102 3448 adglutinata
2118 3414 2135 3444 ,
2174 3375 2228 3430 in
2255 3388 2580 3451 conspectum
2610 3382 2767 3441 venir,

694 3562 862 3618 Baccis
907 3559 1067 3633 hujus
1110 3555 1286 3631 speciei
1340 3575 1442 3611 non
1495 3554 1760 3630 vulgarem
1810 3553 1914 3608 vim
1962 3552 2266 3609 medicatam
2310 3555 2498 3625 inesse,
2548 3558 2767 3632 longiore

612 3652 728 3727 jam
770 3647 1077 3722 experientia
1107 3645 1471 3700 confirmatum
1506 3653 1599 3699 est.
1687 3641 1990 3698 Arabibus
2023 3643 2141 3715 jam
2186 3653 2365 3712 notae,
2399 3645 2637 3701 continuo
2677 3645 2766 3702 ab·

617 3739 735 3795 inde
778 3744 1028 3807 tempore,
1074 3732 1132 3786 in
1176 3740 1421 3805 apparatu
1467 3729 1874 3804 pharmaceutico
1901 3739 2171 3784 asservatae
2198 3740 2339 3789 sunt.
2412 3732 2764 3790 Chemicorum

616 3825 957 3902 experimenta
1003 3820 1169 3876 oleum
1213 3818 1420 3875 volatile
1443 3819 1604 3874 viride
1634 3828 1688 3874 et
1720 3818 1862 3873 aliud
1893 3819 2089 3874 flavum
2109 3856 2127 3887 ,
2161 3828 2214 3873 et
2247 3820 2556 3877 Cubebinam
2588 3816 2766 3878 volati-

620 3915 722 3971 lem
753 3923 1002 3986 tanquam
1044 3908 1293 3983 principia
1321 3908 1487 3964 activa
1516 3906 1769 3962 declarare
1799 3907 2057 3962 videntur.
2130 3906 2288 3978 (Conf,
2320 3912 2542 3967 Comm.
2573 3929 2767 3966 meam

617 4023 671 4078 p.
710 4004 827 4073 27).
900 3997 1064 4053 Multo
1104 4015 1241 4051 nunc
1289 3997 1589 4051 commercio
1631 3994 2107 4051 circumvehuntur.
2181 3999 2241 4049 ln
2276 3996 2384 4051 sola
2417 3997 2584 4053 insula
2617 4003 2767 4055 Java

615 4092 671 4145 in
719 4087 999 4145 medicinae
1051 4104 1202 4141 usum
1246 4085 1345 4140 coli
1387 4084 1629 4139 videntur
1647 4122 1665 4152 ,
1711 4082 1888 4138 exinde
1916 4083 1973 4137 in
2004 4102 2180 4138 omnes
2212 4092 2368 4138 terrae
2399 4095 2563 4159 partes
2591 4106 2764 4161 expor-

613 4187 768 4233 tatae.
853 4177 938 4232 sic
984 4175 1175 4229 famosa
1217 4173 1312 4227 illa
1369 4172 1588 4226 Societas
1636 4180 1948 4229 mercaturae
1978 4170 2153 4226 Indiae
2183 4170 2444 4226 orientalis
2488 4192 2537 4231 a.
2583 4181 2728 4231 1775
2746 4212 2764 4244 ,

617 4269 849 4332 10,000,
885 4282 933 4318 a.
963 4266 1135 4325 1779,
1171 4263 1372 4327 12,ooo
1410 4259 1459 4311 Ω
1486 4257 1584 4313 sub
1613 4257 1755 4313 hasta
1786 4257 1960 4312 vendit
1978 4296 1996 4326 ,
2029 4267 2084 4313 et
2113 4256 2324 4312 navibus
2351 4258 2516 4332 anglis
2543 4278 2589 4314 a.
2620 4265 2767 4318 1830

603 4352 673 4408 »in
717 4352 960 4427 Angliam
1000 4354 1202 4420 18,543
1231 4350 1281 4403 ἰί·
1307 4347 1598 4421 adportatas
1628 4347 1777 4404 luisse
1808 4347 1993 4407 fertur.
2064 4352 2241 4421 Ingens
2270 4348 2477 4422 insuper
2507 4350 2767 4422 quantitas
