3153 5134
1643 378 1774 441 370

644 579 740 640 vel
790 577 1030 656 aequali
1081 575 1418 636 rotundatis
1469 576 1567 635 vel
1621 575 2010 636 acutiusculis
2026 621 2046 653 ,
2103 574 2314 654 ibique
2351 577 2781 639 vetustioribus

645 679 1324 760 biglanduloso-callosis
1338 723 1357 754 ,
1399 679 1571 738 costis
1608 678 1897 757 utrinque
1934 698 2123 758 usque
2150 678 2359 756 paullo
2391 699 2572 759 supra
2608 683 2643 763 ξ
2680 682 2782 743 alt.

651 787 691 845 5
741 781 1472 864 patulo-adscendentibus
1490 827 1508 857 ‚
1567 783 1820 841 amentis
1868 782 2200 860 subpatulis
2220 828 2236 856 ,
2276 781 2423 843 solio
2457 783 2784 865 quintuplo

649 888 748 950 vel
783 888 1055 966 sextuplo
1086 885 1461 946 brevioribus
1479 930 1496 960 ,
1537 884 1794 945 bracteis
1826 884 2400 945 cucullato-inflexis
2426 887 2665 966 glabris,

720 1017 879 1066 leon.
914 1012 1039 1065 Ruiz
1068 1020 1122 1065 et
1153 1015 1271 1066 Pav.
1300 1010 1339 1066 l.
1373 1028 1419 1066 c.
1449 1009 1575 1065 Tab.
1608 1015 1679 1064 53
1712 1009 1802 1084 fig.
1833 1030 1882 1065 a.

717 1098 897 1156 Herb.
928 1098 1111 1154 Willd.
1138 1118 1190 1153 n.
1223 1102 1358 1153 653!

735 1214 1032 1275 Habitat
1065 1216 1131 1273 in
1166 1213 1457 1273 Peruviae
1492 1214 1869 1288 nemoribus,
1896 1212 1973 1273 ad
2008 1212 2196 1275 Pillao
2225 1215 2399 1296 (Ruiz
2430 1224 2492 1276 et
2527 1216 2682 1278 Pan!
2715 1218 2779 1278 in

655 1318 829 1377 Herb.
868 1315 1084 1377 Willd.
1121 1323 1181 1375 et
1214 1336 1341 1394 reg.
1377 1312 1592 1395 berol.)

722 1446 924 1498 Frutex.
995 1445 1140 1495 Ram
1152 1440 1244 1493 uli
1289 1438 1485 1503 nodosi,
1523 1437 1742 1506 sulcati,
1778 1438 2137 1513 subaugulati,
2172 1440 2371 1514 glabri,
2405 1440 2598 1511 laeves,
2632 1442 2792 1499 inter-

650 1530 810 1585 nodiis
837 1534 1016 1601 3—-43-
1048 1538 1180 1584 cent.
1212 1528 1386 1600 longia.
1459 1526 1628 1581 Folia
1660 1527 1911 1598 patentia,
1941 1527 2530 1601 rigido-membranacea,
2551 1532 2793 1607 utrinque

650 1618 859 1693 glabra,
916 1636 1067 1690 supra
1111 1616 1428 1671 subnitidula
1445 1653 1462 1682 ,
1514 1614 1750 1688 inprimis
1791 1614 1973 1668 subtus
2003 1635 2186 1689 parum
2218 1616 2481 1688 pallidiora
2508 1628 2560 1672 et
2578 1618 2791 1691 juniora

651 1704 1244 1779 glanduloso-punetata,
1281 1702 1537 1776 glandulis
1571 1703 1635 1756 ad
1666 1702 1856 1756 lentem
1887 1702 2276 1777 subpellucidis,
2312 1705 2792 1763 submtundoeovata

647 1790 727 1845 vel
775 1789 1337 1862 subrotundoelliptiea
1355 1828 1372 1855 ‚
1424 1789 1788 1862 inaequilatera
1807 1828 1822 1854 ,
1859 1789 1965 1843 basi
1997 1790 2192 1864 aequali
2221 1790 2299 1844 vel
2331 1792 2582 1869 inaequali
2615 1803 2791 1849 rotun—

648 1879 768 1934 data
808 1878 887 1933 vel
917 1877 1227 1933 acutiuscula
1260 1877 1430 1950 ibique
1461 1876 1698 1949 inprimis
1727 1878 2001 1932 vetustiora
2027 1881 2114 1949 (an
2144 1879 2352 1952 quidem
2386 1883 2614 1953 omnia?)
2649 1882 2795 1937 callis

652 1966 958 2041 glandulosis
984 1965 1181 2020 duobus
1213 1965 1275 2018 ad
1303 1963 1555 2038 petiolum
1588 1964 1865 2032 instructa,
1896 1966 2033 2038 apice
2057 1965 2226 2021 subito
2254 1967 2456 2042 oblique
2478 1970 2791 2039 acuminata,

648 2055 883 2110 acumine
910 2055 1093 2109 lineari
1124 2054 1496 2122 obtusiuseulo,
1533 2058 1753 2109 10—13
1782 2064 1911 2109 cent.
1941 2053 2115 2126 longa,
2150 2060 2330 2121 6—7}
2365 2056 2500 2122 lata,
2538 2059 2799 2131 petiolis

650 2144 987 2200 teretiuseulis
1015 2142 1183 2198 antioc
1211 2151 1425 2216 anguste
1453 2141 1807 2196 canaliculatis
1841 2140 2112 2215 aliquando
2139 2142 2222 2197 hie
2247 2142 2358 2197 illie
2383 2143 2578 2199 callosis
2607 2150 2636 2198 1
2655 2156 2792 2202 cent.

652 2232 848 2287 circiter
894 2231 1058 2305 longis
1104 2240 1342 2285 sustenta.
1430 2233 1472 2284 E
1516 2249 1667 2284 nervo
1710 2228 1876 2282 medio
1918 2240 2236 2301 percurrente
2266 2230 2508 2305 utrinque
2539 2249 2699 2305 usque
2725 2232 2791 2288 ad

655 2320 687 2385 ᾖ
733 2320 826 2376 alt.
872 2340 901 2375 a
950 2320 1056 2375 basi
1102 2323 1245 2373 5—6
1295 2327 1456 2372 costae
1498 2316 1812 2391 prominulae
1854 2316 2117 2390 parallelae
2144 2317 2490 2372 adscendentes
2520 2318 2791 2390 oriuntur,

652 2406 907 2462 inferiores
953 2412 987 2461 4
1036 2405 1114 2460 vel
1165 2411 1199 2459 5
1249 2404 1561 2460 confertiores
1607 2414 1660 2458 et
1702 2424 1879 2457 earum
1926 2404 2136 2459 infimae
2177 2410 2209 2460 1
2261 2407 2336 2460 vel
2384 2413 2417 2461 2
2446 2407 2796 2477 tenuissimae,

649 2512 852 2550 summa
896 2491 1138 2547 remotius
1183 2510 1213 2545 a
1259 2490 1468 2565 reliquis
1508 2499 1619 2543 orta
1660 2489 1725 2543 ad
1755 2490 1950 2564 apicem
1981 2491 2137 2546 ducta
2153 2531 2171 2560 ,
2206 2512 2374 2548 omnes
2400 2496 2794 2553 anastomosibus

652 2582 895 2638 tenuibus
929 2578 1178 2654 parallelis
1206 2577 1697 2633 subhorizontalibus
1716 2579 1945 2652 junctae.
2014 2581 2300 2655 stipulae
2326 2582 2795 2656 oppositifoliae

651 2670 849 2726 tardius
877 2668 1148 2735 deciduae,
1183 2667 1410 2741 rigidae,
1443 2666 1685 2735 lineares,
1725 2669 2028 2738 uncinatae,
2067 2674 2102 2725 '7
2134 2690 2263 2728 mm.
2292 2670 2488 2746 longae.
2539 2678 2794 2731 Amenta

652 2755 1011 2830 erecto-patula
1034 2793 1052 2823 ,
1099 2765 1258 2821 meta,
1313 2754 1630 2824 cylindriea,
1676 2754 1943 2825 echinata,
1991 2758 2296 2833 nigricantia
2314 2802 2332 2831 ,
2379 2765 2414 2815 2
2446 2771 2581 2818 cent.
2613 2762 2793 2837 longa,

655 2853 692 2903 4
738 2864 869 2902 mm.
912 2863 1109 2912 crassa,
1160 2843 1531 2917 pedunculis
1579 2843 1818 2898 tenuibus
1848 2851 1877 2899 1
1914 2856 2049 2902 cent.
2076 2847 2239 2920 longis
2271 2857 2516 2906 sustenta.
2587 2852 2796 2907 Flores

654 2937 809 2992 densi.
881 2938 1177 2988 Bracteae
1221 2932 1278 2986 in
1328 2931 1460 2986 sieeo
1505 2931 1983 2988 albicanti·flavidae
2028 2934 2557 3005 cucullato-inflexae,
2612 2939 2797 2994 vertice

656 3025 994 3099 subpeltatae,
1046 3020 1820 3095 tdangulati·semi·orbieulares
1835 3061 1852 3088 ,
1903 3032 2074 3077 centro
2119 3021 2299 3077 firmae
2313 3063 2330 3091 ,
2368 3025 2685 3098 marginibus
2713 3046 2794 3081 ex·

658 3122 892 3168 tenuatae
918 3109 1133 3182 glabrae.
1203 3108 1480 3163 Stamina
1516 3113 1550 3162 4
1595 3111 1677 3179 (ex
1702 3111 1860 3179 muz),
1896 3108 2245 3164 filamentis
2283 3111 2662 3185 persistentibus
2690 3114 2795 3169 fili-

660 3198 913 3255 formibus
951 3196 1118 3251 fuscis·
1203 3196 1497 3251 Ovarium
1543 3206 1753 3251 ovatum
1800 3196 1854 3249 in
1900 3196 2138 3270 stylum
2184 3216 2404 3252 erassum
2434 3208 2794 3271 attenuatum,

659 3288 915 3344 bracteam
947 3283 1094 3358 longe
1121 3303 1379 3358 superaus,
1402 3283 1803 3357 stigmatibus
1831 3283 2070 3340 brevibus
2099 3287 2274 3342 crassis
2298 3289 2598 3361 recurvatis,
2638 3295 2676 3345 3
2706 3293 2795 3362 (ut

659 3377 808 3448 vidi),
856 3380 891 3430 2
938 3392 997 3427 ex
1041 3388 1156 3427 nun.
1200 3382 1253 3427 et
1301 3386 1505 3438 suurn,
1542 3383 1597 3426 et
1641 3371 1697 3426 in
1723 3371 1988 3446 plurimis,
2023 3373 2106 3429 sed
2125 3375 2242 3450 jam
2273 3375 2558 3446 defloratis,
2594 3398 2661 3434 an
2692 3397 2797 3436 uno

658 3464 899 3518 deciduo?
938 3462 1054 3532 (sec.
1086 3479 1161 3533 sp.
1189 3460 1333 3515 Ruiz.
1363 3459 1513 3515 Herb.
1542 3459 1750 3531 Willd.)

742 3636 801 3697 2.
883 3638 1346 3707 Peltobryou
1382 3639 1784 3710 Poeppign
1824 3636 2143 3697 Klotzsch!
2175 3639 2309 3699 Mas.
2344 3641 2382 3700 l.
2418 3662 2468 3701 e.
2518 3640 2788 3703 Ramulis
2842 3622 2847 3627 .

666 3738 903 3821 petiolis
920 3785 938 3815 ‚
994 3738 1273 3817 foliisque
1334 3738 1623 3816 utrinque
1671 3738 1893 3817 glabris
1910 3785 1928 3815 ,
1987 3740 2081 3800 his
2115 3743 2792 3806 coriaeeo-membrana-

668 3844 791 3907 ceis
806 3889 825 3920 ,
882 3841 1305 3904 obsoletissime
1353 3840 2064 3920 pellucido-punctulatis
2078 3889 2097 3920 ,
2137 3845 2346 3906 subtus
2377 3867 2574 3925 sparse
2601 3866 2790 3926 punc·

668 3947 804 4011 tatis
851 3944 1123 4025 pallidis,
1181 3943 1324 4003 lato·
1374 3944 1473 4004 vel
1512 3944 2110 4026 rhombeo-ellipticis
2150 3948 2250 4009 vel
2291 3950 2621 4027 subevatis,
2666 3950 2795 4011 basi

668 4049 1018 4129 subaequali
1051 4045 1464 4121 acutiusculis,
1505 4047 1678 4127 apice
1709 4047 1909 4109 subito
1945 4050 2125 4130 longe
2161 4052 2760 4115 lineari-acuminatis
2778 4097 2797 4130 ,

668 4154 843 4216 costis
874 4151 1161 4230 utrinque
1176 4169 1367 4228 usque
1384 4150 1460 4210 ad
1493 4151 1647 4233 3¹—}
1688 4151 1787 4212 alt.
1825 4153 2003 4231 5-7,
2032 4156 2795 4235 patulo-admendentibus,

664 4256 922 4320 amentis
951 4253 1309 4333 subpatulis,
1347 4252 1494 4314 folio
1529 4254 1873 4334 quadruplo
1904 4258 2003 4319 vel
2038 4260 2361 4341 quintuplo
2386 4259 2792 4337 brevioribus,

663 4357 923 4422 bracteis
947 4356 1430 4436 inflexo-peltatis
1442 4402 1461 4433 ,
1502 4358 1878 4438 stigmatibus
1906 4360 2088 4425 2-3,
