3153 5134
1454 346 1579 406 311

459 541 853 624 subcordatis)
892 541 1271 619 acuminat'm,
1295 538 1424 603 basi
1450 541 1803 623 subaequali
1828 544 2161 608 rotundatis
2188 548 2286 610 vel
2314 551 2568 632 acutius·

450 649 606 711 culis
620 692 639 724 ,
695 646 941 706 summis
987 644 1614 723 lanceolam-oblongis
1626 691 1645 723 ‚
1702 647 2034 726 quintupli·
2076 657 2137 710 et
2167 653 2563 731 septupliner·

448 752 599 827 viis,
637 750 890 811 amentis
920 748 1169 825 tricicis,
1210 768 1390 809 masc.
1424 748 1832 832 filisormibus,
1873 750 2150 813 femineis
2179 755 2566 834 rigidioribus

451 863 513 917 et
544 853 955 929 brevioribus,
995 852 1249 912 bracteis
1283 852 1619 929 triseriatis‚
1663 853 2288 933 hermaphroditorum
2325 860 2572 939 quadri·

448 955 706 1033 seriatis,
737 953 1086 1035 junioribus
1115 954 1439 1014 tenerrime
1472 953 1714 1031 cili-atis,
1747 956 1867 1017 cito
1898 957 2306 1038 glaberrimis,
2334 961 2566 1028 alveolo

451 1059 719 1154 florifero
769 1058 933 1118 hirto
947 1103 966 1135 ,
1023 1056 1300 1118 crarium
1331 1056 1754 1135 subglobosum
1782 1058 2154 1138 stigmatibus
2184 1061 2372 1143 3—4,
2402 1066 2569 1148 oaly-

448 1162 592 1225 culo
628 1162 896 1224 florifero
926 1160 1153 1221 amenti
1187 1159 1376 1219 herm.
1413 1159 1747 1221 subbilcbo.

515 1284 695 1342 Herb.
726 1284 910 1342 Willd.
939 1304 992 1340 n.
1023 1287 1131 1339 648
1148 1287 1182 1353 ἔς
1216 1292 1268 1337 et
1297 1285 1435 1338 680!
1467 1293 1730 1339 amentum
1759 1293 1964 1340 tautum
1990 1298 2274 1347 maturum.

530 1404 817 1466 Habitat
862 1410 1258 1482 spontaneum
1309 1400 1375 1460 in
1427 1409 1618 1463 tractu
1656 1405 1955 1465 montium
1987 1406 2063 1467 ad
2096 1406 2564 1488 septentrionem

447 1506 713 1587 regionis
745 1506 999 1584 Coringa
1014 1550 1034 1581 ,
1074 1504 1142 1563 in
1174 1502 1595 1582 Raja·mundri
1629 1506 1829 1568 Circar
1845 1553 1865 1585 ,
1904 1509 1970 1569 in
2003 1510 2128 1572 solo
2159 1511 2376 1590 fertili,
2407 1512 2568 1574 inter

445 1611 742 1672 fruticum
780 1607 1084 1683 umbram,
1113 1606 1174 1666 ss.
1207 1606 1365 1685 Sept.
1395 1614 1453 1665 et
1489 1607 1748 1683 Octobr„
1771 1608 1981 1670 baccas
2009 1611 2218 1674 Martio
2232 1620 2537 1682 maturans
2544 1638 2565 1695 3

447 1713 683 1773 cultum
733 1729 845 1788 per
893 1715 1087 1768 totum
1142 1725 1371 1766 annum
1418 1706 1630 1787 floret3
1693 1709 1826 1769 aliis
1878 1712 2060 1773 etiam
2109 1714 2175 1772 in
2227 1715 2534 1780 montibus
2548 1760 2570 1795 ,

446 1814 725 1893 inprimis
772 1813 947 1891 stirps
994 1808 1335 1887 hermaphr.
1390 1819 1628 1890 reperta
1678 1820 1764 1871 est
1813 1813 2197 1896 (Roxburghl
2240 1816 2283 1878 1.
2318 1837 2370 1877 c.
2406 1820 2568 1880 etin

451 1916 629 1978 Herb.
661 1915 746 1975 De
777 1912 972 1995 Less.);
1013 1914 1080 1973 in
1114 1912 1304 1973 Silhet
1335 1912 1653 1993 (Wallich!
1697 1935 1759 1975 n.
1794 1916 1953 1976 6658
1988 1916 2050 1976 B.
2085 1937 2228 1994 cum
2262 1917 2322 1979 P.
2356 1939 2569 1982 auran·

455 2022 609 2081 tiaco
642 2017 841 2099 mixt.)
866 2016 1097 2078 Colitur
1123 2015 1303 2076 etiam
1336 2014 1401 2074 in
1432 2015 1545 2077 ins.
1570 2016 1832 2077 Mauritii
1861 2017 2067 2099 (Lam
2102 2021 2166 2081 in
2183 2020 2289 2083 Hb.
2306 2022 2567 2105 Willd.).

455 2123 760 2202 Telingice
795 2119 1158 2197 Murial·siga
1194 2118 1439 2196 dicitur.

519 2253 661 2304 Hanc
707 2246 921 2322 speciem
965 2262 1120 2319 acque
1168 2259 1227 2297 ac
1270 2242 1643 2315 praecedentem
1689 2243 1868 2300 baccas
1912 2245 2098 2319 Piperis
2143 2246 2281 2322 nigri
2333 2248 2579 2323 proferre,

442 2335 639 2411 primus
664 2332 1082 2408 diligentissimus
1109 2344 1462 2385 ncuuncnms
1492 2329 1683 2399 docuit,
1696 2347 1725 2385 e
1740 2331 1887 2406 cujus
1901 2334 2314 2391 annotationibus
2326 2339 2578 2413 quaedam

447 2423 565 2479 beic
592 2420 923 2478 transcribere
940 2427 1156 2493 oportet,
1179 2417 1388 2491 adjectis
1414 2417 1532 2471 dein
1559 2418 1978 2493 descriptionibus
2004 2422 2336 2495 speciminum
2367 2435 2486 2481 tum
2512 2426 2581 2484 ab

446 2510 543 2567 hoo
588 2518 789 2565 auctore
828 2516 947 2562 tum
992 2524 1025 2560 a
1065 2518 1365 2558 wuucnc
1417 2503 1686 2561 lectorum.
1754 2510 1891 2561 Num
1920 2518 2095 2564 autem
2125 2515 2181 2567 P.
2207 2512 2443 2570 tricicum
2469 2515 2584 2573 aliis

445 2598 605 2654 etiam
642 2601 861 2672 (praeter
885 2594 1110 2650 insulam
1138 2593 1383 2665 uam-itii)
1413 2593 1470 2648 in
1499 2595 1644 2650 terris
1672 2595 1905 2650 culturae
1934 2596 2202 2668 inserviat,
2237 2599 2452 2658 ulterius
2480 2602 2579 2659 etit

442 2686 870 2761 investigandum.

522 2773 844 2830 Differentiae
884 2768 1073 2846 quibus
1114 2773 1168 2825 P.
1215 2767 1511 2824 tricicum
1551 2788 1583 2824 a
1627 2773 1683 2826 P.
1727 2769 1908 2843 nigro
1954 2773 2098 2844 (cum
2136 2792 2240 2848 quo
2271 2794 2303 2829 a
2331 2779 2580 2838 veta-ibus

446 2862 737 2920 auctoribus
767 2870 901 2916 certo
930 2858 1268 2914 commixtum
1298 2855 1420 2927 fuit)
1452 2854 1650 2925 differt,
1674 2857 1968 2930 praesertim
1998 2860 2054 2915 in
2082 2859 2312 2919 foliorum
2342 2885 2580 2944 compage

448 2971 554 3007 non
588 2950 710 3007 adeo
739 2968 929 3015 crassa,
967 2946 1127 3002 colore
1166 2944 1398 3020 inprimis
1426 2943 1604 2999 subtus
1635 2943 1773 3000 haud
1805 2947 1925 3001 adeo
1962 2947 2242 3020 albicante,
2277 2952 2443 3012 forma
2487 2976 2579 3012 an-

445 3039 669 3112 gustiore
711 3037 949 3093 foliorum
987 3051 1310 3090 summorum
1338 3031 1404 3086 ad
1431 3033 1767 3088 lanceolatam
1795 3032 2009 3090 formam
2038 3037 2378 3112 tendentium,
2414 3047 2580 3102 nervis

446 3127 780 3202 superioribus
824 3124 1115 3180 remotius
1155 3141 1187 3177 a
1211 3121 1318 3176 basi
1346 3121 1502 3190 ortis,
1538 3122 1743 3178 costulis
1772 3124 2017 3181 venulcsis
2043 3145 2244 3184 sursum
2272 3150 2301 3186 e
2327 3152 2382 3190 n.
2412 3135 2577 3192 medio

447 3217 574 3273 ortis
602 3236 744 3290 saepe
757 3214 1073 3281 fortioribus,
1089 3220 1412 3268 amentatum
1437 3229 1583 3279 sexu,
1597 3209 1919 3268 bractearum
1935 3213 2093 3270 forma
2109 3221 2419 3292 quaerendae
2433 3234 2574 3280 sunt.

448 3310 579 3362 Cum
610 3315 786 3362 autem
821 3303 1052 3376 Piperis
1088 3298 1249 3372 nigri
1281 3299 1406 3353 veri
1443 3298 1700 3374 hucusque
1728 3309 1937 3356 tantum
1965 3322 2039 3377 sp.
2070 3302 2575 3381 hermaphrodita

447 3393 580 3447 mihi
596 3390 925 3458 innotuerint,
948 3388 1070 3460 (alia
1095 3387 1235 3441 enim
1252 3386 1316 3441 ad
1345 3384 1604 3440 culturam
1627 3386 1853 3443 adhiberi
1882 3389 2020 3446 haud
2036 3391 2313 3465 videntur),
2346 3415 2438 3451 nec
2458 3415 2577 3453 con-

443 3490 547 3535 stet
562 3520 580 3549 ,
605 3498 734 3536 num
761 3480 918 3554 hujus
942 3477 1097 3532 etiam
1123 3474 1301 3549 speciei
1329 3475 1504 3549 stirpes
1517 3493 1652 3528 mere
1664 3494 1825 3532 mares
1836 3478 2100 3547 exsistant,
2115 3500 2365 3555 quaenam
2380 3504 2573 3542 exsexu

446 3568 756 3624 differentiae
771 3567 877 3642 peti
893 3571 1127 3640 possunt,
1148 3561 1314 3618 adhuc
1325 3562 1457 3636 apud
1461 3561 1690 3637 judicem
1707 3564 1771 3618 lis
1783 3576 1874 3622 est.
1911 3566 2222 3623 Genitalinm
2237 3570 2455 3644 ipsorum
2472 3594 2572 3632 non

447 3657 549 3712 nisi
588 3656 794 3712 leviores
835 3651 1140 3710 differentias
1182 3670 1211 3706 e
1251 3669 1465 3705 numero
1504 3651 1806 3725 stigmatum
1821 3691 1840 3721 ,
1887 3652 2270 3711 filamentorum
2312 3657 2475 3716 forma
2522 3672 2578 3718 et

446 3747 667 3803 bracteis
693 3746 901 3821 petitas,
929 3740 1227 3816 comparatis
1249 3739 1720 3796 adumbrationibus
1744 3741 1847 3814 ipse
1874 3742 2149 3815 perspicies.

522 3835 784 3903 Primum,
832 3831 1007 3908 inquit
1036 3844 1207 3898 11ch„
1232 3829 1362 3884 banc
1389 3829 1600 3903 speciem
1630 3847 1722 3902 pro
1746 3847 1863 3883 vero
1886 3829 2055 3902 Pipere
2085 3830 2229 3905 nigro
2256 3832 2414 3891 habui
2456 3835 2577 3908 (aab

450 3944 553 4001 quc
587 3923 791 3978 nomine
818 3921 975 3976 etiam
1000 3920 1110 3994 ejus
1137 3919 1404 3992 specimina
1433 3918 1488 3972 in
1521 3917 1697 3973 Herb.
1727 3920 1806 3971 De
1834 3921 1986 3974 Less.
2014 3917 2274 3992 designata
2302 3922 2469 3979 adhue
2494 3943 2580 3980 ex.

449 4015 631 4086 stant),
670 4029 701 4066 a
726 4028 827 4086 quc
858 4019 1032 4064 autem
1063 4006 1238 4061 differt
1265 4006 1396 4061 foliis
1424 4005 1585 4080 magis
1613 4005 2038 4080 glaucescentibus
2054 4045 2071 4074 ,
2100 4006 2156 4062 in
2184 4007 2273 4062 illo
2298 4012 2579 4068 atrcviridi-

450 4102 551 4160 bus
598 4102 774 4158 nitidis
814 4097 951 4171 (scil.
995 4096 1184 4170 supra).
1271 4098 1539 4171 Postquam
1583 4095 1746 4169 primo
1791 4092 1849 4146 in
1895 4093 2092 4167 regione
2133 4095 2338 4153 Circar
2366 4098 2578 4173 stirpem

449 4211 607 4248 masc.
636 4200 691 4246 et
720 4200 785 4245 st.
817 4187 1089 4244 femineam
1116 4183 1440 4251 invenissem,
1464 4182 1583 4237 dein
1612 4181 1884 4256 specimina
1903 4181 2064 4256 reperi
2092 4182 2306 4240 floribus
2332 4185 2386 4241 in
2407 4185 2579 4243 ecdem

447 4290 653 4337 amento
692 4273 1115 4352 hermaphroditis
1163 4282 1217 4328 et
1255 4270 1481 4326 femineis
1524 4271 1774 4326 instructa
1789 4309 1806 4338 ,
1840 4269 2094 4344 simulque
2123 4270 2377 4328 observavi
2407 4273 2581 4334 baccas

450 4369 617 4445 stirpis
659 4388 797 4427 mere
844 4363 1061 4424 feminae
1100 4380 1200 4420 non
1227 4369 1558 4418 maturescere
1585 4359 1668 4416 scd
1695 4357 1874 4415 virides
1906 4357 2072 4414 adhuc
2103 4359 2300 4432 cadere,
2335 4372 2509 4441 atque,
