3153 5134
1015 1591 1810 1677 PROLEGoMENA.

1178 1955 1651 2010 -meoeeeoss

559 2267 938 2389 Piperaceas
982 2298 1286 2389 gentibus
1327 2299 1743 2369 orientalibus
1775 2298 2180 2390 Archipelagi
2222 2297 2471 2366 malaici

352 2433 421 2485 et
470 2419 622 2486 Novi
671 2417 858 2485 Orbis
897 2417 1215 2509 indigenis
1263 2419 1712 2510 antiquissimis
1751 2419 1892 2508 jam
1942 2418 2341 2509 temporibus
2390 2417 2477 2485 ob

356 2537 779 2606 multifarium
829 2538 1058 2624 harum
1108 2538 1477 2629 plantarum
1524 2540 1594 2608 in
1649 2539 2020 2609 oeconomia
2070 2553 2137 2607 et
2187 2538 2482 2630 populari

356 2658 674 2725 medicina
711 2682 900 2725 usum
932 2659 1218 2749 cognitas
1252 2660 1471 2740 fuisse,
1518 2684 1553 2726 a
1588 2657 2172 2748 peregrinator-ibus
2205 2659 2483 2724 relatum

359 2778 612 2867 legitur.
703 2776 1059 2844 Primordia
1093 2777 1579 2867 Piperacearum
1612 2776 1915 2844 scientiae
1947 2775 2259 2865 imprimis
2305 2776 2483 2865 apud

363 2910 586 2986 gentes
635 2896 888 2962 malaias
934 2896 1299 2985 quaerenda
1351 2911 1536 2978 sunt,
1594 2921 1630 2964 a
1677 2895 1912 2986 quibus
1971 2920 2284 2962 nummus
2334 2896 2485 2986 plu-

362 3014 665 3083 rimarum
688 3007 1061 3106 'specierum
1117 3015 1507 3083 differentias
1557 3031 1625 3084 et
1668 3039 1855 3083 usum
1892 3007 2123 3082 didicit
2158 3029 2225 3082 et
2258 3015 2329 3081 in
2361 3014 2485 3081 im·-

364 3133 616 3202 mortali
642 3135 727 3201 de
751 3133 1050 3224 stirpibus
1072 3135 1589 3204 amboinensibus
1615 3136 1781 3204 libro
1806 3125 2165 3226 posteritati
2197 3133 2486 3204 servavit.

366 3256 532 3340 Haec
583 3267 799 3320 autem
844 3245 1129 3345 cognitio
1175 3255 1497 3345 popularis
1538 3255 1752 3347 potius
1785 3277 1983 3345 quam
2017 3277 2161 3329 vere
2193 3255 2387 3323 docta
2419 3268 2487 3321 et

368 3371 829 3464 philosophica,
875 3373 1171 3442 scientiae
1207 3374 1407 3457 utilia„
1442 3376 1799 3456 doctrinae,
1837 3375 2039 3465 qualis
2073 3389 2288 3443 nostra
2322 3359 2526 3442 aetas'

368 3493 676 3581 exposcit,
710 3494 1212 3561 fundamentum
1247 3495 1361 3562 etsi
1391 3495 1607 3562 sistere
1640 3509 1952 3585 nequeat,
1986 3519 2021 3561 a
2054 3509 2236 3585 grata
2270 3508 2486 3561 tamen

371 3611 738 3700 posteritate
767 3612 1016 3681 silentio
1049 3613 1225 3681 haud
1259 3628 1353 3681 est
1386 3615 1875 3704 praetereunda.

462 3731 713 3799 Graecis
742 3747 883 3823 post
916 3734 1255 3801 subactum
1285 3759 1320 3801 a
1344 3734 1801 3803 Macedonibus
1826 3734 2155 3802 Orientem
2188 3734 2487 3825 Piperis
2519 3717 2520 3720 Ἴ

373 3849 589 3941 nigri
625 3851 907 3919 baccae
936 3854 1252 3943 (maturae
1282 3854 1461 3922 albae
1493 3868 1561 3922 et
1589 3845 1810 3946 nigrae
1839 3854 2242 3943 immaturae)
2279 3869 2356 3922 et,
2376 3877 2486 3921 ve-

376 3950 720 4039 risimiliter
765 3987 1020 4041 amenta
1072 3972 1176 4040 illa
1226 3966 1567 4042 immatura
1613 3975 1841 4043 siccata
1888 3974 2271 4043 Chavicae
2322 3995 2490 4064 spe-

375 4089 672 4157 cierum
743 4092 955 4183 (Piper
1015 4092 1286 4183 longum
1337 4094 1481 4184 off.)
1537 4095 1678 4183 jam
1729 4095 2168 4162 innotuerunt
2206 4108 2275 4163 eit
2322 4093 2494 4161 inter

376 4209 796 4299 condimenta
829 4226 897 4279 et
928 4210 1395 4280 medicamenta
1430 4228 1688 4304 recepta
1724 4228 1897 4283 sunt.
1989 4215 2242 4310 Plantas
2275 4228 2489 4281 autem

367 4352 541 4421 quae
570 4330 688 4399 hos
719 4330 971 4399 fructus
1002 4331 1398 4422 largiuntur,
1447 4356 1581 4401 non
1614 4347 2089 4424 cognoverunt3
2140 4347 2304 4401 teste
2334 4357 2495 4402 mos-

2087 4466 2112 4507 ι
