3153 5134
1452 350 1578 413 377

538 541 750 606 xvlll.
828 543 1349 606 Aluum
1374 555 1494 613 m
1526 550 1598 606 in
1635 547 1849 609 Comm.
1876 551 2142 635 phytogr.
2158 576 2224 635 p.
2260 556 2361 620 40.
2424 562 2581 642 Stes·

445 649 662 728 sensio
700 659 757 708 et
792 648 1109 709 Schilleria
1139 641 1345 709 Kuutb
1382 651 1418 710 1.
1453 672 1502 710 c.
1520 670 1586 732 p.
1619 650 1742 713 609
1773 664 1829 713 et
1856 652 1997 717 676.
2078 656 2322 720 Flores
2348 661 2580 725 herma·

455 750 727 830 phroditi
739 794 760 825 ,
800 751 1130 811 amentacei
1144 795 1165 828 ‚
1206 751 1549 811 densissime
1607 754 1945 815 annulatim
1988 758 2087 817 vel
2139 761 2437 840 spiraliter
2467 764 2582 825 dis·

454 853 650 935 positi.
731 852 1083 914 Bracteae
1135 854 1441 915 coriaceae
1491 855 1886 933 pedicellatae
1937 860 2349 943 persistentes,
2407 868 2581 948 apice

449 956 955 1036 inflexo-peltatae
1010 957 1110 1017 vel
1165 957 1795 1036 inflexo-cucullatae,
1818 962 2441 1049 subconchaesormes‚
2475 981 2582 1033 aut

451 1060 728 1138 peltastae,
764 1060 1127 1139 plerumque
1161 1061 1401 1121 ciliatae
1428 1062 1527 1122 vel
1552 1061 1773 1140 hirtae,
1802 1084 1938 1125 raro
1953 1066 2215 1144 glabrae.
2255 1072 2580 1137 Stamina

452 1164 633 1240 2—5,
666 1163 1029 1242 plerumque
1048 1162 1237 1239 3-4,
1268 1164 1473 1224 ovario
1507 1164 1958 1244 circumposita,
1995 1169 2320 1251 aliquando
2343 1178 2579 1241 circum

449 1266 580 1344 ejus
614 1268 948 1345 marginem
983 1267 1369 1345 superiorem.
1451 1266 1868 1331 Filamenta
1903 1291 2044 1332 cum
2077 1275 2332 1337 bracteis
2362 1282 2583 1358 persis-

445 1368 670 1445 tentia,
729 1389 865 1430 raro
917 1369 1194 1429 decidua.
1291 1369 1673 1431 Antherae
1720 1375 2096 1455 terminales,
2154 1381 2578 1464 subglobosae'‚

448 1471 842 1547 biloculares‚
908 1467 1124 1531 loculis
1184 1472 1503 1551 oppositis,
1564 1474 1638 1533 iis
1688 1475 2047 1558 plerumque
2101 1483 2338 1545 inferne
2387 1490 2577 1568 magis

445 1573 715 1634 discretis
764 1573 1423 1653 didymo-renisormes,
1480 1576 1833 1639 effoetarum
1886 1582 2102 1644 loculis
2148 1588 2357 1649 solutis
2396 1612 2574 1672 saepe

442 1676 849 1755 quadrilobae.
951 1677 1092 1735 Ova
1109 1678 1307 1737 rium
1370 1681 1565 1740 sessile
1585 1724 1605 1758 ‚
1662 1682 2297 1765 oblongo-angulosum
2315 1739 2334 1769 ‚
2393 1696 2575 1757 ovulo

444 1778 631 1837 unico
675 1778 916 1837 basilari
945 1786 1160 1840 erecto.
1234 1780 1591 1859 Stigmata
1622 1783 1688 1841 in
1716 1785 1888 1863 apice
1919 1790 2108 1848 ovarii
2134 1793 2354 1855 sessilia
2379 1796 2577 1879 (raris-

456 1881 604 1940 sime
644 1882 797 1961 stylo
833 1869 1181 1945 brevissimo
1214 1884 1490 1966 inserta),
1530 1885 1570 1946 3
1588 1932 1605 1962 ,
1649 1886 1687 1945 4
1707 1934 1726 1964 ‚
1767 1892 1843 1965 5,
1883 1893 2179 1954 rarissime
2213 1896 2289 1974 2,
2330 1899 2576 1980 brevia,

453 1983 749 2060 subulata,
773 1984 1096 2061 filfformia,
1123 1985 1380 2047 decidua
1400 1988 1495 2048 vel
1521 2009 1631 2068 pro
1658 1999 1828 2068 parte
1854 1994 2245 2071 persistentia.
2301 2000 2577 2066 Baccae

442 2084 572 2146 fere
624 2106 911 2148 exsuccae
969 2088 1195 2147 sessiles
1248 2090 1747 2169 confertissimae,
1808 2096 2420 2179 obovato·quadratae
2473 2109 2572 2168 vel

438 2190 1020 2271 parallelopipedeae
1035 2238 1054 2268 ‚
1106 2200 1212 2252 aut
1262 2194 1818 2276 obovato-trigonae
1837 2245 1856 2275 ‚
1913 2202 2260 2280 stigmatum
2310 2211 2574 2289 vestigiis

445 2292 851 2354 umbilicatae.
932 2294 1440 2374 Pericarpium
1473 2297 1765 2360 lateribus
1795 2308 2144 2383 compressis
2179 2317 2388 2388 tenue,
2434 2333 2571 2373 ver·

443 2396 565 2455 tice
636 2396 1029 2458 tumidulum.
1144 2397 1399 2460 Semen
1465 2401 1688 2463 baccae
1739 2405 2081 2485 conforme,
2136 2423 2418 2476 cuneato·
2472 2418 2573 2478 vel

440 2495 726 2555 obovato—
767 2496 879 2555 tri-
919 2504 1298 2576 tetragonum
1316 2545 1335 2576 ,
1377 2501 1548 2580 apice
1581 2503 1944 2586 plerumque
1977 2517 2324 2576 truncatum
2357 2525 2418 2576 et
2442 2518 2571 2581 basi

444 2600 917 2677 emarginatum‚
986 2608 1173 2660 testa
1241 2602 1395 2663 dura
1472 2619 2017 2672 corneo-crustacea
2095 2618 2191 2676 vel
2218 2601 2221 2603 ‚
2265 2621 2569 2705 coriacea,

440 2700 600 2760 laevi
655 2702 751 2761 vel
802 2701 1191 2763 scrobiculata
1209 2751 1228 2782 ,
1280 2705 1534 2766 album
1550 2709 1673 2769 ine
1718 2710 2002 2792 farinoso‚
2056 2721 2382 2803 embryone
2433 2727 2568 2790 exi-

437 2803 682 2863 lissimo.
785 2805 1140 2885 Suffrutices
1156 2853 1175 2883 ,
1217 2811 1482 2888 frutices
1545 2813 1884 2893 arboresque
1946 2840 2058 2899 per
2105 2818 2321 2884 uocum
2373 2831 2563 2891 orbem

440 2909 511 2964 in
575 2909 917 2988 regionibus
974 2910 1187 2968 calidis
1245 2913 1682 2994 subcalidisque
1743 2919 1856 2978 late
1923 2921 2205 3004 dispersi,
2263 2932 2563 3008 sylvarum

369 3031 372 3035 ’
435 3012 703 3089 umbras,
762 3014 891 3073 loca
944 3014 1187 3075 humida
1233 3018 1303 3074 in
1350 3018 1603 3095 planitie
1654 3032 1710 3080 et
1760 3027 2048 3086 montium
2074 3032 2253 3111 juqis
2303 3037 2558 3117 subalpi-

429 3118 529 3176 nis
560 3128 961 3194 praeamantes
976 3162 995 3192 ‚
1034 3121 1217 3177 ramis
1255 3120 1491 3181 nodosis
1506 3168 1525 3198 ‚
1564 3123 1786 3202 qlabris
1801 3171 1820 3201 ‚
1854 3129 2298 3204 pubescentibus
2346 3142 2441 3201 vel
2472 3164 2564 3204 as·

429 3222 589 3297 peris
604 3265 622 3295 ,
637 3221 823 3299 soliis
853 3222 1098 3280 alternis
1115 3267 1131 3296 ,
1170 3225 1469 3299 petiolatis
1483 3270 1501 3300 ,
1550 3230 1790 3287 castatis
1823 3231 1919 3290 vel
1964 3234 2370 3314 diqitinerviis
2384 3288 2404 3319 ,
2430 3247 2559 3322 ple-

426 3343 667 3401 rumque
692 3324 1165 3402 inaequilateris,
1190 3327 1419 3406 glabris
1436 3329 1530 3387 vel
1544 3331 1708 3388 varie
1726 3335 1981 3411 vestitis,
2003 3358 2172 3416 saepe
2182 3344 2558 3422 glandulosa-

422 3428 721 3502 puuctatis
736 3472 754 3502 ,
783 3428 1021 3504 petiolis
1056 3429 1234 3488 nudis
1270 3431 1365 3489 vel
1379 3432 2015 3498 membranaceo-alatis
2031 3485 2049 3514 ‚
2076 3445 2315 3520 stipulis
2330 3454 2554 3528 opposi-

427 3530 650 3600 tifoliis
667 3529 950 3590 deciduis.
981 3533 1257 3609 Amenta,
1272 3537 1634 3614 veqetatioue
1653 3541 1952 3600 terminali
1969 3544 2048 3603 ad
2061 3553 2324 3625 quemvis
2341 3557 2558 3627 nodum

423 3634 773 3712 interrupta,
800 3637 1232 3717 oppositifolia,
1250 3640 1548 3718 solitaria,
1566 3643 1959 3719 pedunculata
1969 3692 1989 3722 ,
2006 3651 2378 3727 cyliudracea
2388 3702 2408 3734 ‚
2421 3661 2553 3738 fili-

426 3737 648 3808 formia
681 3739 776 3797 vel
809 3741 1157 3811 incrassata,
1198 3754 1356 3802 recta
1394 3755 1497 3804 aut
1531 3748 1728 3805 rarius
1747 3762 2022 3827 curvata,
2043 3756 2304 3833 floribus
2336 3760 2558 3824 densis-

421 3841 593 3901 simis
644 3861 749 3918 per
778 3845 970 3919 spiras
1001 3854 1329 3905 contractas
1360 3848 1455 3906 vel
1486 3860 1756 3910 extensas
1792 3872 1968 3930 quam
2003 3860 2348 3936 requlariter
2378 3863 2557 3944 (unde

419 3945 660 4027 generis
691 3943 924 4026 nomen)
953 3946 1282 4025 dispositis,
1301 3949 1680 4031 juvenilibus
1708 3955 1817 4014 sub
1852 3956 2102 4019 bracteis
2134 3966 2272 4023 totis
2309 3970 2560 4030 occulta·

430 4048 525 4106 tis.
584 4048 740 4107 Odor
771 4060 826 4107 et
852 4070 1028 4127 sapor
1057 4072 1226 4129 saepe
1254 4055 1575 4131 piperitus‚
1612 4069 1716 4116 aut
1734 4065 2123 4142 aromaticus,
2154 4079 2258 4126 atet
2273 4070 2557 4134 am‘satus.

498 4175 667 4226 Genus
711 4183 914 4228 vastum
932 4214 949 4242 ,
1001 4177 1238 4231 naturale
1290 4187 1399 4232 tam
1434 4178 1617 4234 babitu
1644 4201 1798 4256 quam
1829 4184 2106 4241 charactere
2133 4188 2559 4267 dignoscendum,

424 4261 734 4333 vegetatione
782 4260 1021 4318 fruticosa
1051 4272 1123 4318 ‘et
1166 4265 1368 4320 arborea
1417 4267 1586 4322 nobile
1602 4302 1605 4303 ν
1620 4269 1754 4325 inter
1782 4272 1998 4348 reliquas
2024 4276 2307 4349 Piperaceas
2321 4320 2338 4350 ,
2373 4283 2429 4337 in
2459 4304 2559 4341 sec-

425 4348 581 4410 tiones
608 4350 688 4407 vel
723 4349 997 4426 phalanges
1025 4373 1056 4411 a
1083 4362 1268 4413 natura
1290 4354 1542 4427 divisum,
1565 4377 1691 4433 quas
1717 4369 1888 4419 autem
1915 4382 2157 4437 generum
2190 4367 2354 4427 valore
2383 4370 2560 4448 dignas
