3153 5134
1441 379 1570 445 285

440 580 678 672 petiolis
720 587 905 647 dense
951 591 1015 645 et
1060 582 1241 660 longe
1285 580 1537 657 villosis,
1586 578 1749 642 soliis
1787 580 2260 664 ovato-oblongis
2292 577 2586 668 elongatis

440 689 968 772 sextuplinerviis3
1010 685 1364 767 junioribus
1413 683 1601 744 dense
1652 683 1906 761 villosis,
1956 684 2357 751 adultioribus
2404 707 2586 771 supra

439 796 843 877 glaberrimis,
885 793 1095 854 subtus
1130 790 1208 852 ad
1244 808 1462 850 nervos
1497 789 1728 867 pilosis,
1769 789 2027 850 amentis
2056 791 2323 856 breviter
2353 793 2587 875 peduna

442 900 692 977 culatis,
733 895 1082 979 cylindricis
1096 946 1114 974 ‚
1157 894 1305 955 folio
1340 891 1524 972 triplo
1556 891 1956 953 brevioribus.

522 1002 824 1065 Habitat
860 1001 928 1060 in
963 997 1164 1060 insula
1202 998 1411 1076 Lucou
1441 994 1713 1076 (llaenke
1749 993 1791 1054 l.
1825 992 1905 1075 e.)

526 1314 597 1376 X.
679 1304 1064 1375 ctmmm
1113 1329 1235 1373 110..
1284 1309 1355 1367 in
1406 1306 1720 1368 Comment.
1747 1306 2018 1390 phytogr.
2052 1329 2120 1389 p.
2163 1308 2264 1372 33.
2319 1312 2460 1374 Tab.
2492 1311 2535 1373 Ι
2537 1312 2599 1373 V
2684 1343 2687 1346 ·

436 1417 554 1499 fig.
595 1437 652 1476 a.
695 1416 841 1475 excl.
886 1433 1041 1494 spec.
1123 1411 1290 1472 Flor
1302 1430 1373 1470 es
1410 1408 1628 1485 dioioi,
1666 1409 2031 1487 amentacei,
2072 1411 2315 1474 sessiles.
2393 1414 2593 1477 Maec.

445 1519 542 1601 (in
587 1517 842 1578 amentis
888 1511 1251 1592 minoribus)
1267 1557 1286 1588 ,
1337 1511 1677 1572 bracteis
1721 1511 1996 1591 oblongis
2040 1514 2339 1575 sessilibus
2380 1516 2600 1576 imbri-

449 1622 615 1682 eatis.
695 1616 1022 1679 Stamina
1053 1616 1243 1691 2-5,
1278 1614 1708 1674 filamentis
1740 1615 2058 1692 teretibus,
2093 1617 2429 1678 anthei-is
2458 1638 2597 1680 ova·-

451 1725 528 1783 tis
556 1724 654 1783 vel
690 1717 1322 1793 reniformi·eordatis,
1349 1717 1810 1780 bilocularibus.
1882 1718 2057 1778 Fem.
2104 1718 2431 1781 bracteis
2471 1722 2600 1799 pel·

450 1824 587 1886 tatis
615 1823 1101 1904 persistentibus,
1128 1820 1540 1881 subsessilibus
1551 1865 1570 1896 ,
1603 1819 1878 1898 oblongis
1907 1819 2006 1880 vel
2023 1821 2370 1883 orbiculatis
2386 1824 2602 1885 subtus

453 1948 630 2009 saepe
669 1926 862 1986 hirtis.
945 1923 1301 1984 Ovarium
1342 1922 1542 1983 sessile
1573 1930 1863 1999 ovatum,
1903 1924 2390 2003 stigmatibus
2428 1926 2604 1987 sessi-

455 2033 620 2093 libus
645 2028 851 2091 crassis
876 2026 1165 2087 brevibus
1189 2025 1288 2087 vel
1316 2024 1861 2086 brevi-lanceolatis
1885 2025 2047 2087 3—5
2070 2030 2402 2090 recurvatis
2421 2049 2603 2110 supra

451 2132 795 2214 hispidulis.
873 2129 1151 2190 Baccae
1194 2128 1323 2188 basi
1367 2127 1689 2188 constricta
1731 2127 2385 2209 pseudo-pedieellatae
2399 2177 2420 2210 ,
2468 2133 2605 2193 sub·

457 2237 753 2317 globosae.
833 2231 1360 2310 Pericarpium
1388 2239 1592 2291 tenue.
1632 2230 1896 2292 Semen
1927 2234 2373 2296 subrotundum
2412 2243 2606 2297 testa

457 2335 1217 2401 curiense-membranacea
1256 2338 1362 2394 aut
1400 2352 1643 2394 cornea.
1724 2332 2048 2416 Embryo
2086 2338 2152 2396 in
2192 2339 2366 2417 apice
2402 2338 2523 2399 alb
2537 2358 2606 2399 u·

454 2442 673 2503 minis
697 2437 944 2499 sarinosi
979 2437 1217 2498 sacculo
1254 2436 1647 2496 crassiusculo
1682 2436 1994 2498 turbinato
2033 2439 2131 2499 vel
2165 2440 2489 2502 subconico
2505 2440 2601 2500 in-

459 2544 681 2607 clusus.
719 2575 801 2587 —
839 2541 1108 2602 Frutices
1149 2539 1565 2600 arbusculaeve
1582 2584 1602 2617 ,
1648 2540 1990 2601 scandentes
2006 2585 2026 2618 ,
2065 2543 2135 2601 in
2173 2542 2361 2604 India
2400 2545 2603 2604 oriem-

461 2647 593 2721 tali,
619 2645 838 2704 insulis
869 2642 1217 2715 Sundaicis,
1237 2639 1636 2699 Mascarhenis
1662 2649 1718 2697 et
1742 2641 1997 2717 Africae
2016 2643 2136 2701 oris
2154 2645 2606 2707 australioribus

462 2759 818 2830 spontaneae
832 2793 852 2823 ,
884 2745 1187 2825 sylvarum
1222 2742 1486 2801 umbram
1509 2751 1952 2821 praeoptantes,
1987 2744 2069 2802 ad
2098 2748 2386 2808 montium
2417 2749 2608 2830 regio.

463 2872 570 2912 nes
618 2851 957 2911 elevatiores
995 2867 1118 2906 non
1160 2845 1571 2905 adscendentes
1589 2889 1608 2919 ,
1645 2844 1833 2924 foliis
1864 2845 2174 2924 petiolatis
2217 2850 2612 2932 tri-multipli-

465 2955 693 3016 nerviis
728 2954 819 3013 vel
858 2950 1163 3011 costulatis
1176 2996 1196 3026 ,
1235 2947 1694 3007 membranaceis
1735 2957 1842 3006 aut
1880 2949 2201 3027 coriaceis,
2237 2951 2467 3032 glabris
2502 2965 2612 3015 aut

452 3056 929 3140 pubescentibus,
964 3052 1198 3134 singuli
1227 3070 1402 3111 sexus
1433 3070 1604 3130 saepe
1638 3050 1910 3128 diversis,
1945 3055 2198 3113 amentis
2230 3053 2312 3114 ad
2339 3054 2606 3116 caulium

463 3161 646 3222 nodos
691 3157 1148 3240 oppositifoliis,
1199 3154 1481 3213 masculis
1520 3152 1890 3234 gracilibus,
1919 3156 2216 3234 femineis
2241 3158 2610 3238 fortioribus

461 3263 802 3344 plerumque
851 3261 1057 3320 leviter
1102 3257 1399 3331 curvatis,
1435 3277 1466 3314 e
1502 3255 1702 3315 baccis
1724 3254 2043 3338 (fervidis)
2071 3263 2323 3322 maturis
2360 3261 2610 3344 pseudo-
2724 3298 2729 3299 ff

462 3363 831 3445 pedicellatis
861 3381 1155 3423 racemum
1187 3358 1627 3420 simulantibus.

1083 3538 1529 3603 coNsPECTus
1576 3538 1997 3625 sPEcmRtm.

507 3728 539 3802 §
574 3734 628 3786 1.
700 3726 841 3784 Folia
869 3725 1088 3782 coriacea
1118 3723 1298 3801 glabra
1326 3723 1764 3800 multiplinervia‚
1802 3726 2104 3802 majuscula.
2177 3733 2340 3790 1—5.
2373 3734 2467 3791 14.

508 3821 540 3890 ᾗ
574 3824 631 3874 2.
761 3836 794 3869 »
867 3815 1247 3871 membranacea
1267 3814 1429 3891 pilosa
1447 3817 1701 3873 rarissime
1723 3817 1918 3891 glabra.
1988 3820 2312 3878 Asiaticae.
2384 3825 2547 3878 6-9.

505 3908 538 3977 ᾗ
573 3912 627 3963 3.
757 3924 789 3956 >>
864 3903 1086 3959 coriacea
1114 3902 1292 3978 glabra
1321 3900 1401 3959 vel
1430 3905 1612 3961 subtus
1643 3904 1917 3980 puberula,
1947 3906 2216 3966 costulata.
2272 3909 2618 3967 Africanae.

909 3994 1142 4047 10—13.

562 4168 620 4230 1.
703 4168 1018 4234 (iubebo
1072 4168 1483 4228 ofsselnalls
1532 4169 1682 4247 Miq.
1737 4163 2048 4230 Comment.
2082 4169 2356 4252 phytogr.
2404 4191 2472 4251 p.
2520 4171 2621 4234 33.

475 4270 670 4353 Piper
717 4270 950 4343 Cubeba
995 4271 1177 4332 Linn.
1203 4271 1307 4351 fil.
1358 4269 1564 4350 Suppl.
1602 4271 1686 4350 pl.
1715 4291 1777 4350 p.
1813 4270 1896 4332 90
1938 4271 2087 4332 excl.
2128 4293 2214 4352 sp.
2248 4275 2429 4353 afric.
2467 4275 2617 4355 Miq.

482 4374 698 4440 Comm.
730 4379 835 4443 cit.
873 4399 935 4459 p.
973 4375 1048 4439 13
1071 4396 1190 4456 seq.
1230 4372 1519 4436 Leerboek
1556 4373 1613 4435 d.
1653 4373 2063 4456 Artseneigew.
2092 4396 2154 4456 p.
2186 4373 2328 4439 281.
2405 4376 2643 4440 Blums.
