<?xml version="1.0" encoding="UTF-8"?>
<!DOCTYPE html PUBLIC "-//W3C//DTD XHTML 1.0 Transitional//EN"
    "http://www.w3.org/TR/xhtml1/DTD/xhtml1-transitional.dtd">
<html xmlns="http://www.w3.org/1999/xhtml" xml:lang="en" lang="en">
 <head>
  <title>
</title>
<meta http-equiv="Content-Type" content="text/html;charset=utf-8" />
  <meta name='ocr-system' content='tesseract 3.04.00' />
  <meta name='ocr-capabilities' content='ocr_page ocr_carea ocr_par ocr_line ocrx_word'/>
</head>
<body>
  <div class='ocr_page' id='page_1' title='image "./systemapiperace00migugoog_0325.png"; bbox 0 0 3153 5134; ppageno 0'>
   <div class='ocr_carea' id='block_1_1' title="bbox 1438 351 1567 422">
    <p class='ocr_par' dir='ltr' id='par_1_1' title="bbox 1438 351 1567 422">
     <span class='ocr_line' id='line_1_1' title="bbox 1438 351 1567 422; baseline 0 -1"><span class='ocrx_word' id='word_1_1' title='bbox 1438 351 1567 422; x_wconf 80' lang='lat'><strong>309</strong></span> 
     </span>
    </p>
   </div>
   <div class='ocr_carea' id='block_1_2' title="bbox 387 544 2562 4417">
    <p class='ocr_par' dir='ltr' id='par_1_2' title="bbox 387 544 2562 4417">
     <span class='ocr_line' id='line_1_2' title="bbox 426 544 2562 634; baseline 0.003 -21"><span class='ocrx_word' id='word_1_2' title='bbox 426 555 797 628; x_wconf 84' lang='lat' dir='ltr'><strong>mooshunung,</strong></span> <span class='ocrx_word' id='word_1_3' title='bbox 814 551 1397 629; x_wconf 67' lang='lat' dir='ltr'><strong>,Dhurmuputtunung3</strong></span> <span class='ocrx_word' id='word_1_4' title='bbox 1430 553 1609 610; x_wconf 85' lang='lat' dir='ltr'><strong>Hind.</strong></span> <span class='ocrx_word' id='word_1_5' title='bbox 1636 563 1687 609; x_wconf 90' lang='lat' dir='ltr'><strong>et</strong></span> <span class='ocrx_word' id='word_1_6' title='bbox 1715 547 1892 630; x_wconf 79' lang='lat' dir='ltr'><strong>B‘eng.</strong></span> <span class='ocrx_word' id='word_1_7' title='bbox 1918 554 2107 612; x_wconf 78' lang='lat' dir='ltr'><strong>Murich</strong></span> <span class='ocrx_word' id='word_1_8' title='bbox 2131 556 2211 613; x_wconf 83' lang='lat' dir='ltr'><strong>vel</strong></span> <span class='ocrx_word' id='word_1_9' title='bbox 2234 544 2562 634; x_wconf 48' lang='grc' dir='ltr'>(ἒιιΙιιιιιήοὴῖ</span> 
     </span>
     <span class='ocr_line' id='line_1_3' title="bbox 419 641 2560 725; baseline 0.003 -25"><span class='ocrx_word' id='word_1_10' title='bbox 419 649 583 701; x_wconf 84' lang='lat' dir='ltr'><strong>Tam.</strong></span> <span class='ocrx_word' id='word_1_11' title='bbox 616 642 1046 712; x_wconf 69' lang='grc' dir='ltr'><strong>ΜοῙοονοο-Κοᾶὶ·</strong></span> <span class='ocrx_word' id='word_1_12' title='bbox 1097 646 1254 698; x_wconf 87' lang='lat' dir='ltr'><strong>Pers.</strong></span> <span class='ocrx_word' id='word_1_13' title='bbox 1294 641 1473 716; x_wconf 77' lang='lat' dir='ltr'><strong>Pilpi13</strong></span> <span class='ocrx_word' id='word_1_14' title='bbox 1525 642 1700 699; x_wconf 85' lang='lat' dir='ltr'><strong>Arab.</strong></span> <span class='ocrx_word' id='word_1_15' title='bbox 1747 644 1918 714; x_wconf 78' lang='lat' dir='ltr'><strong>Filfil3</strong></span> <span class='ocrx_word' id='word_1_16' title='bbox 1954 645 2088 700; x_wconf 81' lang='lat' dir='ltr'><strong>Mal.</strong></span> <span class='ocrx_word' id='word_1_17' title='bbox 2124 647 2292 704; x_wconf 87' lang='lat' dir='ltr'><strong>Ladda</strong></span> <span class='ocrx_word' id='word_1_18' title='bbox 2336 652 2510 721; x_wconf 75' lang='lat' dir='ltr'><strong>(non.</strong></span> <span class='ocrx_word' id='word_1_19' title='bbox 2516 655 2560 725; x_wconf 89' lang='lat'><strong>),</strong></span> 
     </span>
     <span class='ocr_line' id='line_1_4' title="bbox 419 685 2556 807; baseline 0.004 -20"><span class='ocrx_word' id='word_1_20' title='bbox 419 732 477 787; x_wconf 91' lang='lat' dir='ltr'><strong>in</strong></span> <span class='ocrx_word' id='word_1_21' title='bbox 518 733 614 788; x_wconf 89' lang='lat' dir='ltr'><strong>ins.</strong></span> <span class='ocrx_word' id='word_1_22' title='bbox 661 730 986 786; x_wconf 88' lang='lat' dir='ltr'><strong>Sundaicis</strong></span> <span class='ocrx_word' id='word_1_23' title='bbox 1030 729 1187 785; x_wconf 87' lang='lat' dir='ltr'><strong>Bados</strong></span> <span class='ocrx_word' id='word_1_24' title='bbox 1231 729 1311 785; x_wconf 82' lang='lat' dir='ltr'><strong>vel</strong></span> <span class='ocrx_word' id='word_1_25' title='bbox 1361 730 1527 786; x_wconf 86' lang='lat' dir='ltr'><strong>Pohon</strong></span> <span class='ocrx_word' id='word_1_26' title='bbox 1573 731 1708 787; x_wconf 89' lang='lat' dir='ltr'><strong>Lada</strong></span> <span class='ocrx_word' id='word_1_27' title='bbox 1753 685 2002 807; x_wconf 67' lang='lat' dir='ltr'><strong>(umis),</strong></span> <span class='ocrx_word' id='word_1_28' title='bbox 2044 736 2101 790; x_wconf 88' lang='lat' dir='ltr'><strong>in</strong></span> <span class='ocrx_word' id='word_1_29' title='bbox 2144 736 2556 796; x_wconf 80' lang='lat' dir='ltr'><strong>Cochi&#39;nchina</strong></span> 
     </span>
     <span class='ocr_line' id='line_1_5' title="bbox 414 817 2535 891; baseline 0 -16"><span class='ocrx_word' id='word_1_30' title='bbox 414 820 535 876; x_wconf 82' lang='lat' dir='ltr'><strong>Tieo</strong></span> <span class='ocrx_word' id='word_1_31' title='bbox 559 818 763 887; x_wconf 63' lang='grc' dir='ltr'><strong>1»,Ηό</strong></span> <span class='ocrx_word' id='word_1_32' title='bbox 787 817 920 886; x_wconf 87' lang='lat' dir='ltr'><strong>tieo,</strong></span> <span class='ocrx_word' id='word_1_33' title='bbox 955 818 1540 891; x_wconf 72' lang='lat' dir='ltr'><strong>Hutsiao(1.oun.l.c.)</strong></span> <span class='ocrx_word' id='word_1_34' title='bbox 2532 851 2535 854; x_wconf 34' lang='lat'>¹</span> 
     </span>
     <span class='ocr_line' id='line_1_6' title="bbox 427 906 2549 983; baseline 0.004 -21"><span class='ocrx_word' id='word_1_35' title='bbox 427 925 428 928; x_wconf 72' lang='grc'>’</span> <span class='ocrx_word' id='word_1_36' title='bbox 484 907 738 964; x_wconf 78' lang='lat' dir='ltr'><strong>Limites</strong></span> <span class='ocrx_word' id='word_1_37' title='bbox 783 906 1067 961; x_wconf 88' lang='lat' dir='ltr'><strong>culturae</strong></span> <span class='ocrx_word' id='word_1_38' title='bbox 1109 906 1293 981; x_wconf 87' lang='lat' dir='ltr'><strong>Piperis</strong></span> <span class='ocrx_word' id='word_1_39' title='bbox 1338 907 1471 982; x_wconf 81' lang='lat' dir='ltr'>nigri</span> <span class='ocrx_word' id='word_1_40' title='bbox 1516 907 1573 963; x_wconf 90' lang='lat' dir='ltr'><strong>in</strong></span> <span class='ocrx_word' id='word_1_41' title='bbox 1606 908 1815 983; x_wconf 86' lang='lat' dir='ltr'><strong>antiquo</strong></span> <span class='ocrx_word' id='word_1_42' title='bbox 1848 910 2115 968; x_wconf 92' lang='lat' dir='ltr'><strong>orbeteste</strong></span> <span class='ocrx_word' id='word_1_43' title='bbox 2143 914 2238 970; x_wconf 88' lang='lat' dir='ltr'><strong>cel.</strong></span> <span class='ocrx_word' id='word_1_44' title='bbox 2264 928 2549 972; x_wconf 63' lang='lat' dir='ltr'><strong>cuswrmu)</strong></span> 
     </span>
     <span class='ocr_line' id='line_1_7' title="bbox 411 994 2550 1068; baseline 0.004 -17"><span class='ocrx_word' id='word_1_45' title='bbox 411 996 738 1051; x_wconf 86' lang='lat' dir='ltr'><strong>continentur</strong></span> <span class='ocrx_word' id='word_1_46' title='bbox 763 994 903 1049; x_wconf 88' lang='lat' dir='ltr'><strong>inter</strong></span> <span class='ocrx_word' id='word_1_47' title='bbox 930 998 1236 1051; x_wconf 74' lang='lat'><strong>940—1130</strong></span> <span class='ocrx_word' id='word_1_48' title='bbox 1275 994 1415 1068; x_wconf 86' lang='lat' dir='ltr'><strong>long.</strong></span> <span class='ocrx_word' id='word_1_49' title='bbox 1444 1014 1518 1052; x_wconf 94' lang='lat' dir='ltr'><strong>or.</strong></span> <span class='ocrx_word' id='word_1_50' title='bbox 1543 997 1698 1054; x_wconf 86' lang='lat' dir='ltr'><strong>Paris.</strong></span> <span class='ocrx_word' id='word_1_51' title='bbox 1727 1009 1781 1053; x_wconf 90' lang='lat' dir='ltr'><strong>et</strong></span> <span class='ocrx_word' id='word_1_52' title='bbox 1809 999 1943 1054; x_wconf 88' lang='lat' dir='ltr'><strong>inter</strong></span> <span class='ocrx_word' id='word_1_53' title='bbox 1972 1005 2032 1055; x_wconf 82' lang='lat'><strong>5⁰</strong></span> <span class='ocrx_word' id='word_1_54' title='bbox 2057 1005 2113 1057; x_wconf 90' lang='lat' dir='ltr'><strong>L.</strong></span> <span class='ocrx_word' id='word_1_55' title='bbox 2131 1005 2280 1057; x_wconf 73' lang='grc' dir='ltr'><strong>ΙΙ.-</strong></span> <span class='ocrx_word' id='word_1_56' title='bbox 2297 1007 2395 1059; x_wconf 80' lang='lat'><strong>12⁰</strong></span> <span class='ocrx_word' id='word_1_57' title='bbox 2415 1009 2473 1062; x_wconf 88' lang='lat' dir='ltr'><strong>L.</strong></span> <span class='ocrx_word' id='word_1_58' title='bbox 2495 1008 2550 1064; x_wconf 85' lang='lat' dir='ltr'><strong>B.</strong></span> 
     </span>
     <span class='ocr_line' id='line_1_8' title="bbox 409 1081 2550 1161; baseline 0.005 -22"><span class='ocrx_word' id='word_1_59' title='bbox 409 1088 594 1158; x_wconf 87' lang='lat' dir='ltr'><strong>Ingens</strong></span> <span class='ocrx_word' id='word_1_60' title='bbox 632 1082 775 1157; x_wconf 89' lang='lat' dir='ltr'><strong>copia</strong></span> <span class='ocrx_word' id='word_1_61' title='bbox 818 1081 884 1136; x_wconf 85' lang='lat' dir='ltr'><strong>ad</strong></span> <span class='ocrx_word' id='word_1_62' title='bbox 925 1100 1069 1137; x_wconf 89' lang='lat' dir='ltr'><strong>oram</strong></span> <span class='ocrx_word' id='word_1_63' title='bbox 1113 1082 1409 1137; x_wconf 78' lang='lat' dir='ltr'><strong>orientalem</strong></span> <span class='ocrx_word' id='word_1_64' title='bbox 1458 1082 1597 1139; x_wconf 88' lang='lat' dir='ltr'><strong>sinus</strong></span> <span class='ocrx_word' id='word_1_65' title='bbox 1626 1084 1893 1141; x_wconf 84' lang='lat' dir='ltr'><strong>Siamensis</strong></span> <span class='ocrx_word' id='word_1_66' title='bbox 1922 1086 2126 1145; x_wconf 89' lang='lat' dir='ltr'><strong>colitur.</strong></span> <span class='ocrx_word' id='word_1_67' title='bbox 2198 1091 2386 1161; x_wconf 77' lang='lat' dir='ltr'><strong>Quovis</strong></span> <span class='ocrx_word' id='word_1_68' title='bbox 2415 1110 2550 1149; x_wconf 90' lang='lat' dir='ltr'><strong>anno</strong></span> 
     </span>
     <span class='ocr_line' id='line_1_9' title="bbox 406 1170 2549 1257; baseline 0.004 -30"><span class='ocrx_word' id='word_1_69' title='bbox 406 1191 499 1248; x_wconf 88' lang='lat' dir='ltr'><strong>per</strong></span> <span class='ocrx_word' id='word_1_70' title='bbox 541 1181 705 1227; x_wconf 90' lang='lat' dir='ltr'><strong>totam</strong></span> <span class='ocrx_word' id='word_1_71' title='bbox 737 1170 939 1226; x_wconf 84' lang='lat' dir='ltr'><strong>Indiam</strong></span> <span class='ocrx_word' id='word_1_72' title='bbox 968 1175 1297 1240; x_wconf 82' lang='lat' dir='ltr'><strong>50‚000‚ooo</strong></span> <span class='ocrx_word' id='word_1_73' title='bbox 1332 1172 1388 1229; x_wconf 61' lang='lat' dir='ltr'>ff</span> <span class='ocrx_word' id='word_1_74' title='bbox 1418 1171 1605 1227; x_wconf 89' lang='lat' dir='ltr'><strong>harum</strong></span> <span class='ocrx_word' id='word_1_75' title='bbox 1635 1172 1906 1230; x_wconf 90' lang='lat' dir='ltr'><strong>baccarum</strong></span> <span class='ocrx_word' id='word_1_76' title='bbox 1935 1177 2034 1231; x_wconf 91' lang='lat' dir='ltr'><strong>coli</strong></span> <span class='ocrx_word' id='word_1_77' title='bbox 2062 1178 2356 1253; x_wconf 85' lang='lat' dir='ltr'><strong>perhibetur</strong></span> <span class='ocrx_word' id='word_1_78' title='bbox 2371 1217 2390 1251; x_wconf 87' lang='lat'><strong>,</strong></span> <span class='ocrx_word' id='word_1_79' title='bbox 2422 1199 2549 1257; x_wconf 87' lang='lat' dir='ltr'><strong>qua·</strong></span> 
     </span>
     <span class='ocr_line' id='line_1_10' title="bbox 407 1259 2382 1341; baseline 0.004 -24"><span class='ocrx_word' id='word_1_80' title='bbox 407 1280 528 1317; x_wconf 86' lang='lat' dir='ltr'><strong>rum</strong></span> <span class='ocrx_word' id='word_1_81' title='bbox 554 1264 882 1329; x_wconf 81' lang='lat' dir='ltr'><strong>15‚570,ooo</strong></span> <span class='ocrx_word' id='word_1_82' title='bbox 896 1299 913 1328; x_wconf 88' lang='lat'>‚</span> <span class='ocrx_word' id='word_1_83' title='bbox 950 1259 1166 1335; x_wconf 85' lang='lat' dir='ltr'><strong>adeoque</strong></span> <span class='ocrx_word' id='word_1_84' title='bbox 1198 1265 1230 1328; x_wconf 57' lang='grc' dir='ltr'>ᾖ</span> <span class='ocrx_word' id='word_1_85' title='bbox 1264 1279 1378 1333; x_wconf 85' lang='lat' dir='ltr'><strong>pars</strong></span> <span class='ocrx_word' id='word_1_86' title='bbox 1403 1262 1563 1317; x_wconf 90' lang='lat' dir='ltr'><strong>totius</strong></span> <span class='ocrx_word' id='word_1_87' title='bbox 1598 1264 1768 1319; x_wconf 74' lang='lat' dir='ltr'><strong>messis</strong></span> <span class='ocrx_word' id='word_1_88' title='bbox 1796 1265 1850 1319; x_wconf 92' lang='lat' dir='ltr'><strong>in</strong></span> <span class='ocrx_word' id='word_1_89' title='bbox 1878 1269 2133 1341; x_wconf 83' lang='lat' dir='ltr'><strong>Europam</strong></span> <span class='ocrx_word' id='word_1_90' title='bbox 2163 1267 2382 1327; x_wconf 86' lang='lat' dir='ltr'><strong>vehitur.</strong></span> 
     </span>
     <span class='ocr_line' id='line_1_11' title="bbox 482 1346 2396 1430; baseline 0.004 -25"><span class='ocrx_word' id='word_1_91' title='bbox 482 1350 661 1423; x_wconf 88' lang='lat' dir='ltr'><strong>Piper</strong></span> <span class='ocrx_word' id='word_1_92' title='bbox 691 1348 903 1404; x_wconf 88' lang='lat' dir='ltr'><strong>album</strong></span> <span class='ocrx_word' id='word_1_93' title='bbox 935 1346 1040 1403; x_wconf 82' lang='lat' dir='ltr'><strong>off.</strong></span> <span class='ocrx_word' id='word_1_94' title='bbox 1071 1357 1194 1403; x_wconf 91' lang='lat' dir='ltr'><strong>sunt</strong></span> <span class='ocrx_word' id='word_1_95' title='bbox 1222 1359 1426 1404; x_wconf 86' lang='lat' dir='ltr'><strong>matura</strong></span> <span class='ocrx_word' id='word_1_96' title='bbox 1454 1350 1678 1418; x_wconf 88' lang='lat' dir='ltr'><strong>semina,</strong></span> <span class='ocrx_word' id='word_1_97' title='bbox 1714 1372 1745 1407; x_wconf 90' lang='lat' dir='ltr'><strong>a</strong></span> <span class='ocrx_word' id='word_1_98' title='bbox 1774 1352 1955 1409; x_wconf 81' lang='lat' dir='ltr'><strong>baccae</strong></span> <span class='ocrx_word' id='word_1_99' title='bbox 1981 1355 2139 1430; x_wconf 88' lang='lat' dir='ltr'><strong>pulpa</strong></span> <span class='ocrx_word' id='word_1_100' title='bbox 2158 1356 2396 1414; x_wconf 85' lang='lat' dir='ltr'><strong>liberata.</strong></span> 
     </span>
     <span class='ocr_line' id='line_1_12' title="bbox 474 1435 2545 1510; baseline 0.004 -16"><span class='ocrx_word' id='word_1_101' title='bbox 474 1437 687 1495; x_wconf 84' lang='lat' dir='ltr'><strong>Caulis</strong></span> <span class='ocrx_word' id='word_1_102' title='bbox 728 1436 837 1491; x_wconf 88' lang='lat' dir='ltr'><strong>basi</strong></span> <span class='ocrx_word' id='word_1_103' title='bbox 882 1435 1106 1510; x_wconf 76' lang='lat' dir='ltr'><strong>digitum</strong></span> <span class='ocrx_word' id='word_1_104' title='bbox 1151 1454 1337 1491; x_wconf 86' lang='lat' dir='ltr'><strong>crassus</strong></span> <span class='ocrx_word' id='word_1_105' title='bbox 1354 1475 1372 1504; x_wconf 91' lang='lat'><strong>,</strong></span> <span class='ocrx_word' id='word_1_106' title='bbox 1421 1438 1622 1493; x_wconf 87' lang='lat' dir='ltr'><strong>nodoso·</strong></span> <span class='ocrx_word' id='word_1_107' title='bbox 1657 1440 1987 1510; x_wconf 66' lang='lat' dir='ltr'><strong>aniculam,</strong></span> <span class='ocrx_word' id='word_1_108' title='bbox 2022 1444 2314 1500; x_wconf 81' lang='lat' dir='ltr'><strong>internodiis</strong></span> <span class='ocrx_word' id='word_1_109' title='bbox 2344 1450 2380 1501; x_wconf 87' lang='grc'><strong>8</strong></span> <span class='ocrx_word' id='word_1_110' title='bbox 2408 1456 2545 1505; x_wconf 89' lang='lat' dir='ltr'><strong>cent.</strong></span> 
     </span>
     <span class='ocr_line' id='line_1_13' title="bbox 406 1522 2550 1605; baseline 0.004 -25"><span class='ocrx_word' id='word_1_111' title='bbox 406 1524 599 1599; x_wconf 84' lang='lat' dir='ltr'><strong>longis,</strong></span> <span class='ocrx_word' id='word_1_112' title='bbox 634 1523 867 1598; x_wconf 84' lang='lat' dir='ltr'><strong>lignosis,</strong></span> <span class='ocrx_word' id='word_1_113' title='bbox 893 1522 1165 1590; x_wconf 84' lang='lat' dir='ltr'><strong>teretibus,</strong></span> <span class='ocrx_word' id='word_1_114' title='bbox 1187 1522 1437 1592; x_wconf 88' lang='lat' dir='ltr'><strong>laevibus,</strong></span> <span class='ocrx_word' id='word_1_115' title='bbox 1465 1525 1609 1580; x_wconf 89' lang='lat' dir='ltr'><strong>nodis</strong></span> <span class='ocrx_word' id='word_1_116' title='bbox 1631 1527 1850 1582; x_wconf 89' lang='lat' dir='ltr'><strong>tumidis</strong></span> <span class='ocrx_word' id='word_1_117' title='bbox 1878 1529 2248 1600; x_wconf 85' lang='lat' dir='ltr'><strong>radicantibus,</strong></span> <span class='ocrx_word' id='word_1_118' title='bbox 2275 1529 2550 1605; x_wconf 68' lang='lat' dir='ltr'><strong>scandens,</strong></span> 
     </span>
     <span class='ocr_line' id='line_1_14' title="bbox 404 1610 2544 1688; baseline 0.004 -20"><span class='ocrx_word' id='word_1_119' title='bbox 404 1622 658 1669; x_wconf 86' lang='lat' dir='ltr'><strong>sarmenta</strong></span> <span class='ocrx_word' id='word_1_120' title='bbox 687 1630 837 1688; x_wconf 88' lang='lat' dir='ltr'><strong>supra</strong></span> <span class='ocrx_word' id='word_1_121' title='bbox 868 1610 1080 1665; x_wconf 76' lang='lat' dir='ltr'><strong>frutices</strong></span> <span class='ocrx_word' id='word_1_122' title='bbox 1108 1610 1402 1687; x_wconf 82' lang='lat' dir='ltr'><strong>arboresque</strong></span> <span class='ocrx_word' id='word_1_123' title='bbox 1434 1611 1584 1688; x_wconf 88' lang='lat' dir='ltr'><strong>longe</strong></span> <span class='ocrx_word' id='word_1_124' title='bbox 1612 1614 1909 1688; x_wconf 84' lang='lat' dir='ltr'><strong>expandens.</strong></span> <span class='ocrx_word' id='word_1_125' title='bbox 1981 1617 2158 1672; x_wconf 83' lang='lat' dir='ltr'><strong>Rami</strong></span> <span class='ocrx_word' id='word_1_126' title='bbox 2188 1617 2399 1686; x_wconf 61' lang='lat' dir='ltr'><strong>alterni,⁴</strong></span> <span class='ocrx_word' id='word_1_127' title='bbox 2430 1619 2544 1677; x_wconf 81' lang='lat' dir='ltr'><strong>fur-</strong></span> 
     </span>
     <span class='ocr_line' id='line_1_15' title="bbox 404 1699 2544 1776; baseline 0.004 -19"><span class='ocrx_word' id='word_1_128' title='bbox 404 1701 508 1757; x_wconf 88' lang='lat' dir='ltr'><strong>cati</strong></span> <span class='ocrx_word' id='word_1_129' title='bbox 523 1740 541 1769; x_wconf 85' lang='lat'>‚</span> <span class='ocrx_word' id='word_1_130' title='bbox 590 1719 810 1776; x_wconf 83' lang='lat' dir='ltr'><strong>pennam</strong></span> <span class='ocrx_word' id='word_1_131' title='bbox 856 1699 1137 1755; x_wconf 80' lang='lat' dir='ltr'><strong>anserinam</strong></span> <span class='ocrx_word' id='word_1_132' title='bbox 1180 1701 1354 1768; x_wconf 76' lang='lat' dir='ltr'><strong>‘cx-assi,</strong></span> <span class='ocrx_word' id='word_1_133' title='bbox 1405 1721 1510 1757; x_wconf 91' lang='lat' dir='ltr'><strong>uno</strong></span> <span class='ocrx_word' id='word_1_134' title='bbox 1541 1701 1701 1758; x_wconf 90' lang='lat' dir='ltr'><strong>latere</strong></span> <span class='ocrx_word' id='word_1_135' title='bbox 1729 1703 2087 1776; x_wconf 89' lang='lat' dir='ltr'><strong>plano-sulcati</strong></span> <span class='ocrx_word' id='word_1_136' title='bbox 2107 1745 2126 1775; x_wconf 91' lang='lat'><strong>,</strong></span> <span class='ocrx_word' id='word_1_137' title='bbox 2159 1706 2321 1763; x_wconf 84' lang='lat' dir='ltr'><strong>laeves</strong></span> <span class='ocrx_word' id='word_1_138' title='bbox 2339 1746 2357 1776; x_wconf 86' lang='lat'><strong>‚</strong></span> <span class='ocrx_word' id='word_1_139' title='bbox 2387 1711 2544 1767; x_wconf 87' lang='lat' dir='ltr'><strong>strin-</strong></span> 
     </span>
     <span class='ocr_line' id='line_1_16' title="bbox 404 1786 2546 1867; baseline 0.005 -24"><span class='ocrx_word' id='word_1_140' title='bbox 404 1788 535 1856; x_wconf 88' lang='lat' dir='ltr'><strong>lati,</strong></span> <span class='ocrx_word' id='word_1_141' title='bbox 586 1787 785 1863; x_wconf 83' lang='lat' dir='ltr'><strong>glabri,</strong></span> <span class='ocrx_word' id='word_1_142' title='bbox 818 1786 1112 1841; x_wconf 84' lang='lat' dir='ltr'><strong>internodiis</strong></span> <span class='ocrx_word' id='word_1_143' title='bbox 1137 1792 1281 1843; x_wconf 82' lang='lat'><strong>5—6</strong></span> <span class='ocrx_word' id='word_1_144' title='bbox 1315 1797 1452 1844; x_wconf 85' lang='lat' dir='ltr'><strong>cent.</strong></span> <span class='ocrx_word' id='word_1_145' title='bbox 1480 1789 1659 1864; x_wconf 74' lang='lat' dir='ltr'><strong>longia.</strong></span> <span class='ocrx_word' id='word_1_146' title='bbox 1715 1792 1909 1867; x_wconf 57' lang='lat' dir='ltr'><strong>⁴Folia</strong></span> <span class='ocrx_word' id='word_1_147' title='bbox 1937 1813 2094 1850; x_wconf 89' lang='lat' dir='ltr'><strong>crasse</strong></span> <span class='ocrx_word' id='word_1_148' title='bbox 2125 1794 2364 1865; x_wconf 87' lang='lat' dir='ltr'><strong>coriacea,</strong></span> <span class='ocrx_word' id='word_1_149' title='bbox 2407 1796 2546 1854; x_wconf 87' lang='lat' dir='ltr'><strong>haud</strong></span> 
     </span>
     <span class='ocr_line' id='line_1_17' title="bbox 404 1865 2544 1957; baseline 0.006 -26"><span class='ocrx_word' id='word_1_150' title='bbox 404 1865 770 1950; x_wconf 87' lang='lat' dir='ltr'><strong>transparentia</strong></span> <span class='ocrx_word' id='word_1_151' title='bbox 818 1874 1095 1946; x_wconf 86' lang='lat' dir='ltr'><strong>(nascentia</strong></span> <span class='ocrx_word' id='word_1_152' title='bbox 1140 1877 1369 1930; x_wconf 73' lang='lat' dir='ltr'><strong>tenuiora</strong></span> <span class='ocrx_word' id='word_1_153' title='bbox 1407 1876 2002 1953; x_wconf 84' lang='lat' dir='ltr'><strong>pellucido-punctulata)</strong></span> <span class='ocrx_word' id='word_1_154' title='bbox 2019 1922 2036 1950; x_wconf 86' lang='lat'><strong>,</strong></span> <span class='ocrx_word' id='word_1_155' title='bbox 2075 1902 2224 1957; x_wconf 89' lang='lat' dir='ltr'><strong>supra</strong></span> <span class='ocrx_word' id='word_1_156' title='bbox 2255 1883 2544 1943; x_wconf 80' lang='lat' dir='ltr'><strong>atmviridia</strong></span> 
     </span>
     <span class='ocr_line' id='line_1_18' title="bbox 404 1960 2550 2044; baseline 0.005 -26"><span class='ocrx_word' id='word_1_157' title='bbox 404 1964 572 2019; x_wconf 88' lang='lat' dir='ltr'><strong>nitida</strong></span> <span class='ocrx_word' id='word_1_158' title='bbox 614 1963 779 2018; x_wconf 88' lang='lat' dir='ltr'><strong>nervis</strong></span> <span class='ocrx_word' id='word_1_159' title='bbox 814 1961 1005 2016; x_wconf 89' lang='lat' dir='ltr'><strong>lineata</strong></span> <span class='ocrx_word' id='word_1_160' title='bbox 1019 1999 1038 2029; x_wconf 91' lang='lat'><strong>‚</strong></span> <span class='ocrx_word' id='word_1_161' title='bbox 1073 1960 1256 2017; x_wconf 86' lang='lat' dir='ltr'><strong>subtus</strong></span> <span class='ocrx_word' id='word_1_162' title='bbox 1281 1962 1676 2037; x_wconf 87' lang='lat' dir='ltr'><strong>glauco-pallida</strong></span> <span class='ocrx_word' id='word_1_163' title='bbox 1693 2005 1710 2034; x_wconf 91' lang='lat'>‚</span> <span class='ocrx_word' id='word_1_164' title='bbox 1745 1968 1911 2023; x_wconf 83' lang='lat' dir='ltr'><strong>nervis</strong></span> <span class='ocrx_word' id='word_1_165' title='bbox 1941 1967 2148 2025; x_wconf 86' lang='lat' dir='ltr'><strong>elevatis</strong></span> <span class='ocrx_word' id='word_1_166' title='bbox 2177 1988 2404 2044; x_wconf 87' lang='lat' dir='ltr'><strong>percursa</strong></span> <span class='ocrx_word' id='word_1_167' title='bbox 2419 2011 2436 2041; x_wconf 79' lang='lat'><strong>,</strong></span> <span class='ocrx_word' id='word_1_168' title='bbox 2471 1994 2550 2029; x_wconf 87' lang='lat' dir='ltr'><strong>re-</strong></span> 
     </span>
     <span class='ocr_line' id='line_1_19' title="bbox 404 2048 2547 2129; baseline 0.004 -22"><span class='ocrx_word' id='word_1_169' title='bbox 404 2052 621 2107; x_wconf 83' lang='lat' dir='ltr'><strong>ticulata</strong></span> <span class='ocrx_word' id='word_1_170' title='bbox 636 2089 654 2120; x_wconf 99' lang='lat'><strong>,</strong></span> <span class='ocrx_word' id='word_1_171' title='bbox 702 2050 945 2126; x_wconf 90' lang='lat' dir='ltr'><strong>utrinque</strong></span> <span class='ocrx_word' id='word_1_172' title='bbox 990 2048 1167 2123; x_wconf 82' lang='lat' dir='ltr'><strong>glabra</strong></span> <span class='ocrx_word' id='word_1_173' title='bbox 1182 2089 1199 2117; x_wconf 92' lang='lat'><strong>,</strong></span> <span class='ocrx_word' id='word_1_174' title='bbox 1255 2049 1569 2123; x_wconf 80' lang='lat' dir='ltr'><strong>marginibus</strong></span> <span class='ocrx_word' id='word_1_175' title='bbox 1622 2053 1904 2109; x_wconf 80' lang='lat' dir='ltr'><strong>extenuatis</strong></span> <span class='ocrx_word' id='word_1_176' title='bbox 1956 2055 2122 2129; x_wconf 89' lang='lat' dir='ltr'><strong>primo</strong></span> <span class='ocrx_word' id='word_1_177' title='bbox 2170 2055 2378 2127; x_wconf 85' lang='lat' dir='ltr'><strong>leviter,</strong></span> <span class='ocrx_word' id='word_1_178' title='bbox 2430 2058 2547 2116; x_wconf 91' lang='lat' dir='ltr'><strong>dein</strong></span> 
     </span>
     <span class='ocr_line' id='line_1_20' title="bbox 406 2137 2547 2222; baseline 0.006 -30"><span class='ocrx_word' id='word_1_179' title='bbox 406 2138 638 2193; x_wconf 88' lang='lat' dir='ltr'><strong>multum</strong></span> <span class='ocrx_word' id='word_1_180' title='bbox 685 2137 943 2205; x_wconf 84' lang='lat' dir='ltr'><strong>revoluta,</strong></span> <span class='ocrx_word' id='word_1_181' title='bbox 994 2137 1246 2211; x_wconf 88' lang='lat' dir='ltr'><strong>petiolis</strong></span> <span class='ocrx_word' id='word_1_182' title='bbox 1290 2137 1627 2194; x_wconf 88' lang='lat' dir='ltr'><strong>crassiusenlis</strong></span> <span class='ocrx_word' id='word_1_183' title='bbox 1670 2140 1820 2195; x_wconf 88' lang='lat' dir='ltr'><strong>rectis</strong></span> <span class='ocrx_word' id='word_1_184' title='bbox 1864 2141 2205 2200; x_wconf 89' lang='lat' dir='ltr'><strong>subteretibus</strong></span> <span class='ocrx_word' id='word_1_185' title='bbox 2238 2147 2403 2202; x_wconf 91' lang='lat' dir='ltr'><strong>antiee</strong></span> <span class='ocrx_word' id='word_1_186' title='bbox 2429 2167 2547 2222; x_wconf 89' lang='lat' dir='ltr'><strong>pro·</strong></span> 
     </span>
     <span class='ocr_line' id='line_1_21' title="bbox 400 2223 2547 2309; baseline 0.005 -28"><span class='ocrx_word' id='word_1_187' title='bbox 400 2224 564 2281; x_wconf 85' lang='lat' dir='ltr'><strong>funde</strong></span> <span class='ocrx_word' id='word_1_188' title='bbox 607 2223 953 2280; x_wconf 86' lang='lat' dir='ltr'><strong>canaliculatis</strong></span> <span class='ocrx_word' id='word_1_189' title='bbox 983 2234 1037 2279; x_wconf 91' lang='lat' dir='ltr'><strong>et</strong></span> <span class='ocrx_word' id='word_1_190' title='bbox 1058 2224 1159 2280; x_wconf 89' lang='lat' dir='ltr'><strong>fere</strong></span> <span class='ocrx_word' id='word_1_191' title='bbox 1186 2224 1307 2279; x_wconf 81' lang='lat' dir='ltr'><strong>totis</strong></span> <span class='ocrx_word' id='word_1_192' title='bbox 1338 2224 1596 2299; x_wconf 91' lang='lat' dir='ltr'><strong>stipulis</strong></span> <span class='ocrx_word' id='word_1_193' title='bbox 1627 2228 2019 2285; x_wconf 86' lang='lat' dir='ltr'><strong>membranaceis</strong></span> <span class='ocrx_word' id='word_1_194' title='bbox 2048 2231 2324 2290; x_wconf 85' lang='lat' dir='ltr'><strong>linearibus</strong></span> <span class='ocrx_word' id='word_1_195' title='bbox 2351 2234 2547 2309; x_wconf 86' lang='lat' dir='ltr'><strong>glabris</strong></span> 
     </span>
     <span class='ocr_line' id='line_1_22' title="bbox 399 2311 2541 2398; baseline 0.004 -28"><span class='ocrx_word' id='word_1_196' title='bbox 399 2313 551 2370; x_wconf 86' lang='lat' dir='ltr'><strong>alatis</strong></span> <span class='ocrx_word' id='word_1_197' title='bbox 589 2323 643 2369; x_wconf 91' lang='lat' dir='ltr'><strong>et</strong></span> <span class='ocrx_word' id='word_1_198' title='bbox 687 2312 767 2368; x_wconf 86' lang='lat' dir='ltr'><strong>his</strong></span> <span class='ocrx_word' id='word_1_199' title='bbox 794 2312 896 2369; x_wconf 89' lang='lat' dir='ltr'><strong>cito</strong></span> <span class='ocrx_word' id='word_1_200' title='bbox 925 2311 1144 2368; x_wconf 84' lang='lat' dir='ltr'><strong>deciduis</strong></span> <span class='ocrx_word' id='word_1_201' title='bbox 1170 2311 1807 2388; x_wconf 59' lang='lat' dir='ltr'><strong>cicatrisatoemarginatis,</strong></span> <span class='ocrx_word' id='word_1_202' title='bbox 1830 2316 2149 2375; x_wconf 73' lang='lat' dir='ltr'><strong>interioribus</strong></span> <span class='ocrx_word' id='word_1_203' title='bbox 2179 2327 2390 2392; x_wconf 62' lang='grc' dir='ltr'>3ς-6,</span> <span class='ocrx_word' id='word_1_204' title='bbox 2412 2343 2541 2398; x_wconf 88' lang='lat' dir='ltr'><strong>sup.</strong></span> 
     </span>
     <span class='ocr_line' id='line_1_23' title="bbox 404 2398 2540 2479; baseline 0.007 -25"><span class='ocrx_word' id='word_1_205' title='bbox 404 2404 583 2468; x_wconf 57' lang='lat'>13-—2</span> <span class='ocrx_word' id='word_1_206' title='bbox 634 2409 768 2456; x_wconf 88' lang='lat' dir='ltr'><strong>cent.</strong></span> <span class='ocrx_word' id='word_1_207' title='bbox 809 2398 974 2474; x_wconf 87' lang='lat' dir='ltr'><strong>longis</strong></span> <span class='ocrx_word' id='word_1_208' title='bbox 1003 2409 1261 2468; x_wconf 89' lang='lat' dir='ltr'><strong>sustenta,</strong></span> <span class='ocrx_word' id='word_1_209' title='bbox 1296 2400 1600 2456; x_wconf 85' lang='lat' dir='ltr'><strong>inferiora</strong></span> <span class='ocrx_word' id='word_1_210' title='bbox 1627 2404 1821 2477; x_wconf 89' lang='lat' dir='ltr'><strong>majora</strong></span> <span class='ocrx_word' id='word_1_211' title='bbox 1843 2403 2058 2475; x_wconf 88' lang='lat' dir='ltr'><strong>latiora,</strong></span> <span class='ocrx_word' id='word_1_212' title='bbox 2092 2407 2219 2463; x_wconf 89' lang='lat' dir='ltr'><strong>lato·</strong></span> <span class='ocrx_word' id='word_1_213' title='bbox 2222 2421 2394 2479; x_wconf 87' lang='lat' dir='ltr'><strong>ovata,</strong></span> <span class='ocrx_word' id='word_1_214' title='bbox 2431 2411 2540 2468; x_wconf 85' lang='lat' dir='ltr'><strong>basi</strong></span> 
     </span>
     <span class='ocr_line' id='line_1_24' title="bbox 399 2488 2537 2571; baseline 0.005 -26"><span class='ocrx_word' id='word_1_215' title='bbox 399 2488 580 2545; x_wconf 82' lang='lat' dir='ltr'><strong>leviter</strong></span> <span class='ocrx_word' id='word_1_216' title='bbox 608 2488 862 2564; x_wconf 85' lang='lat' dir='ltr'><strong>inaequali</strong></span> <span class='ocrx_word' id='word_1_217' title='bbox 898 2488 976 2543; x_wconf 90' lang='lat' dir='ltr'><strong>vel</strong></span> <span class='ocrx_word' id='word_1_218' title='bbox 1005 2489 1204 2563; x_wconf 84' lang='lat' dir='ltr'><strong>aequali</strong></span> <span class='ocrx_word' id='word_1_219' title='bbox 1224 2489 1426 2544; x_wconf 86' lang='lat' dir='ltr'><strong>cordata</strong></span> <span class='ocrx_word' id='word_1_220' title='bbox 1455 2489 1534 2545; x_wconf 83' lang='lat' dir='ltr'><strong>vel</strong></span> <span class='ocrx_word' id='word_1_221' title='bbox 1562 2500 1824 2559; x_wconf 82' lang='lat' dir='ltr'><strong>truncata,</strong></span> <span class='ocrx_word' id='word_1_222' title='bbox 1855 2494 2181 2569; x_wconf 85' lang='lat' dir='ltr'><strong>aequilatera,</strong></span> <span class='ocrx_word' id='word_1_223' title='bbox 2217 2500 2537 2571; x_wconf 85' lang='lat' dir='ltr'><strong>acuminata,</strong></span> 
     </span>
     <span class='ocr_line' id='line_1_25' title="bbox 403 2576 2545 2663; baseline 0.005 -28"><span class='ocrx_word' id='word_1_224' title='bbox 403 2579 788 2635; x_wconf 82' lang='lat' dir='ltr'><strong>ramulorum</strong></span> <span class='ocrx_word' id='word_1_225' title='bbox 839 2576 922 2633; x_wconf 82' lang='lat' dir='ltr'><strong>vel</strong></span> <span class='ocrx_word' id='word_1_226' title='bbox 968 2578 1283 2652; x_wconf 85' lang='lat' dir='ltr'><strong>superiora</strong></span> <span class='ocrx_word' id='word_1_227' title='bbox 1326 2589 1473 2634; x_wconf 89' lang='lat' dir='ltr'><strong>ovata</strong></span> <span class='ocrx_word' id='word_1_228' title='bbox 1512 2588 1605 2634; x_wconf 90' lang='lat' dir='ltr'><strong>aut</strong></span> <span class='ocrx_word' id='word_1_229' title='bbox 1633 2579 1890 2654; x_wconf 72' lang='lat' dir='ltr'><strong>emptica,</strong></span> <span class='ocrx_word' id='word_1_230' title='bbox 1924 2582 2038 2657; x_wconf 89' lang='lat' dir='ltr'><strong>plus</strong></span> <span class='ocrx_word' id='word_1_231' title='bbox 2068 2585 2239 2641; x_wconf 86' lang='lat' dir='ltr'><strong>minus</strong></span> <span class='ocrx_word' id='word_1_232' title='bbox 2270 2589 2545 2663; x_wconf 50' lang='lat' dir='ltr'><strong>inaequilass</strong></span> 
     </span>
     <span class='ocr_line' id='line_1_26' title="bbox 402 2664 2544 2750; baseline 0.004 -26"><span class='ocrx_word' id='word_1_233' title='bbox 402 2676 542 2737; x_wconf 84' lang='lat' dir='ltr'><strong>tera,</strong></span> <span class='ocrx_word' id='word_1_234' title='bbox 592 2667 699 2723; x_wconf 86' lang='lat' dir='ltr'><strong>basi</strong></span> <span class='ocrx_word' id='word_1_235' title='bbox 743 2664 1014 2722; x_wconf 87' lang='lat' dir='ltr'><strong>rotundata</strong></span> <span class='ocrx_word' id='word_1_236' title='bbox 1061 2665 1141 2719; x_wconf 90' lang='lat' dir='ltr'><strong>vel</strong></span> <span class='ocrx_word' id='word_1_237' title='bbox 1184 2674 1453 2733; x_wconf 75' lang='lat' dir='ltr'><strong>truncata,</strong></span> <span class='ocrx_word' id='word_1_238' title='bbox 1508 2671 1582 2721; x_wconf 81' lang='lat'><strong>13</strong></span> <span class='ocrx_word' id='word_1_239' title='bbox 1627 2677 1756 2721; x_wconf 88' lang='lat' dir='ltr'><strong>cent.</strong></span> <span class='ocrx_word' id='word_1_240' title='bbox 1804 2666 1984 2742; x_wconf 89' lang='lat' dir='ltr'><strong>longa,</strong></span> <span class='ocrx_word' id='word_1_241' title='bbox 2034 2674 2072 2727; x_wconf 81' lang='grc'><strong>9</strong></span> <span class='ocrx_word' id='word_1_242' title='bbox 2114 2671 2255 2742; x_wconf 85' lang='lat' dir='ltr'><strong>lata,</strong></span> <span class='ocrx_word' id='word_1_243' title='bbox 2292 2676 2544 2750; x_wconf 80' lang='lat' dir='ltr'><strong>superiora</strong></span> 
     </span>
     <span class='ocr_line' id='line_1_27' title="bbox 402 2752 2546 2839; baseline 0.004 -27"><span class='ocrx_word' id='word_1_244' title='bbox 402 2756 617 2831; x_wconf 86' lang='lat' dir='ltr'><strong>oblonga</strong></span> <span class='ocrx_word' id='word_1_245' title='bbox 661 2755 824 2830; x_wconf 89' lang='lat' dir='ltr'><strong>magis</strong></span> <span class='ocrx_word' id='word_1_246' title='bbox 866 2754 1225 2828; x_wconf 86' lang='lat' dir='ltr'><strong>inaequilatera</strong></span> <span class='ocrx_word' id='word_1_247' title='bbox 1242 2791 1259 2820; x_wconf 90' lang='lat'><strong>,</strong></span> <span class='ocrx_word' id='word_1_248' title='bbox 1310 2752 1530 2807; x_wconf 83' lang='lat' dir='ltr'><strong>breviter</strong></span> <span class='ocrx_word' id='word_1_249' title='bbox 1576 2753 1901 2824; x_wconf 85' lang='lat' dir='ltr'><strong>acuminata,</strong></span> <span class='ocrx_word' id='word_1_250' title='bbox 1955 2761 2173 2816; x_wconf 74' lang='lat'>11-14</span> <span class='ocrx_word' id='word_1_251' title='bbox 2221 2771 2352 2818; x_wconf 87' lang='lat' dir='ltr'><strong>cent.</strong></span> <span class='ocrx_word' id='word_1_252' title='bbox 2397 2762 2546 2839; x_wconf 85' lang='lat' dir='ltr'><strong>longa</strong></span> 
     </span>
     <span class='ocr_line' id='line_1_28' title="bbox 401 2839 2550 2920; baseline 0.003 -21"><span class='ocrx_word' id='word_1_253' title='bbox 401 2844 581 2914; x_wconf 64' lang='lat'><em>43--8</em></span> <span class='ocrx_word' id='word_1_254' title='bbox 612 2842 735 2898; x_wconf 82' lang='lat' dir='ltr'><strong>lata.</strong></span> <span class='ocrx_word' id='word_1_255' title='bbox 810 2845 853 2896; x_wconf 94' lang='lat' dir='ltr'><strong>E</strong></span> <span class='ocrx_word' id='word_1_256' title='bbox 884 2860 1035 2896; x_wconf 87' lang='lat' dir='ltr'><strong>nervo</strong></span> <span class='ocrx_word' id='word_1_257' title='bbox 1063 2839 1230 2895; x_wconf 88' lang='lat' dir='ltr'><strong>medio</strong></span> <span class='ocrx_word' id='word_1_258' title='bbox 1253 2850 1574 2914; x_wconf 80' lang='lat' dir='ltr'><strong>percurrente</strong></span> <span class='ocrx_word' id='word_1_259' title='bbox 1601 2842 1842 2916; x_wconf 88' lang='lat' dir='ltr'><strong>utrinque</strong></span> <span class='ocrx_word' id='word_1_260' title='bbox 1864 2861 1894 2898; x_wconf 85' lang='lat' dir='ltr'><strong>e</strong></span> <span class='ocrx_word' id='word_1_261' title='bbox 1923 2843 2029 2898; x_wconf 84' lang='lat' dir='ltr'><strong>basi</strong></span> <span class='ocrx_word' id='word_1_262' title='bbox 2053 2849 2087 2899; x_wconf 82' lang='lat'><strong>2</strong></span> <span class='ocrx_word' id='word_1_263' title='bbox 2113 2848 2252 2902; x_wconf 88' lang='lat' dir='ltr'><strong>nervi</strong></span> <span class='ocrx_word' id='word_1_264' title='bbox 2281 2849 2550 2920; x_wconf 74' lang='lat' dir='ltr'><strong>oriuntur,</strong></span> 
     </span>
     <span class='ocr_line' id='line_1_29' title="bbox 400 2927 2546 3009; baseline 0.006 -27"><span class='ocrx_word' id='word_1_265' title='bbox 400 2950 619 3007; x_wconf 85' lang='lat' dir='ltr'><strong>quorum</strong></span> <span class='ocrx_word' id='word_1_266' title='bbox 680 2929 895 2985; x_wconf 87' lang='lat' dir='ltr'><strong>infimus</strong></span> <span class='ocrx_word' id='word_1_267' title='bbox 953 2927 1247 3002; x_wconf 87' lang='lat' dir='ltr'><strong>marginalis</strong></span> <span class='ocrx_word' id='word_1_268' title='bbox 1297 2927 1661 2983; x_wconf 89' lang='lat' dir='ltr'><strong>subtilissimus</strong></span> <span class='ocrx_word' id='word_1_269' title='bbox 1707 2930 1808 2984; x_wconf 90' lang='lat' dir='ltr'><strong>cito</strong></span> <span class='ocrx_word' id='word_1_270' title='bbox 1851 2931 2066 3001; x_wconf 87' lang='lat' dir='ltr'><strong>finitus,</strong></span> <span class='ocrx_word' id='word_1_271' title='bbox 2115 2953 2324 3009; x_wconf 88' lang='lat' dir='ltr'><strong>sequens</strong></span> <span class='ocrx_word' id='word_1_272' title='bbox 2369 2937 2546 2994; x_wconf 83' lang='lat' dir='ltr'><strong>fortior</strong></span> 
     </span>
     <span class='ocr_line' id='line_1_30' title="bbox 395 3016 2545 3126; baseline 0.001 -48"><span class='ocrx_word' id='word_1_273' title='bbox 395 3040 560 3101; x_wconf 86' lang='lat' dir='ltr'><strong>usque</strong></span> <span class='ocrx_word' id='word_1_274' title='bbox 605 3019 740 3076; x_wconf 84' lang='lat' dir='ltr'><strong>ad¹</strong></span> <span class='ocrx_word' id='word_1_275' title='bbox 715 3054 749 3086; x_wconf 63' lang='grc' dir='ltr'><strong>ς</strong></span> <span class='ocrx_word' id='word_1_276' title='bbox 796 3019 889 3075; x_wconf 91' lang='lat' dir='ltr'><strong>alt.</strong></span> <span class='ocrx_word' id='word_1_277' title='bbox 927 3017 1250 3084; x_wconf 68' lang='lat' dir='ltr'><strong>adscendens»,</strong></span> <span class='ocrx_word' id='word_1_278' title='bbox 1286 3017 1474 3072; x_wconf 88' lang='lat' dir='ltr'><strong>tertius</strong></span> <span class='ocrx_word' id='word_1_279' title='bbox 1510 3016 1756 3072; x_wconf 90' lang='lat' dir='ltr'><strong>remotius</strong></span> <span class='ocrx_word' id='word_1_280' title='bbox 1788 3037 1818 3072; x_wconf 89' lang='lat' dir='ltr'><strong>a</strong></span> <span class='ocrx_word' id='word_1_281' title='bbox 1847 3018 1955 3074; x_wconf 89' lang='lat' dir='ltr'><strong>basi</strong></span> <span class='ocrx_word' id='word_1_282' title='bbox 1982 3031 2122 3077; x_wconf 86' lang='lat' dir='ltr'><strong>ortus</strong></span> <span class='ocrx_word' id='word_1_283' title='bbox 2157 3023 2254 3078; x_wconf 72' lang='lat' dir='ltr'><strong>lere</strong></span> <span class='ocrx_word' id='word_1_284' title='bbox 2284 3044 2445 3126; x_wconf 81' lang='lat' dir='ltr'><strong>usque</strong></span> <span class='ocrx_word' id='word_1_285' title='bbox 2476 3016 2545 3081; x_wconf 86' lang='lat' dir='ltr'><strong>ad</strong></span> 
     </span>
     <span class='ocr_line' id='line_1_31' title="bbox 394 3105 2545 3184; baseline 0.001 -17"><span class='ocrx_word' id='word_1_286' title='bbox 394 3112 587 3184; x_wconf 87' lang='lat' dir='ltr'><strong>apicem</strong></span> <span class='ocrx_word' id='word_1_287' title='bbox 629 3107 898 3183; x_wconf 87' lang='lat' dir='ltr'><strong>percurrit.</strong></span> <span class='ocrx_word' id='word_1_288' title='bbox 983 3106 1066 3162; x_wconf 91' lang='lat' dir='ltr'><strong>Sic</strong></span> <span class='ocrx_word' id='word_1_289' title='bbox 1108 3105 1292 3161; x_wconf 84' lang='lat' dir='ltr'><strong>folium</strong></span> <span class='ocrx_word' id='word_1_290' title='bbox 1338 3115 1415 3160; x_wconf 91' lang='lat' dir='ltr'><strong>est</strong></span> <span class='ocrx_word' id='word_1_291' title='bbox 1461 3107 1909 3162; x_wconf 82' lang='lat' dir='ltr'><strong>noveno-nervium</strong></span> <span class='ocrx_word' id='word_1_292' title='bbox 1927 3146 1945 3175; x_wconf 88' lang='lat'><strong>,</strong></span> <span class='ocrx_word' id='word_1_293' title='bbox 1994 3119 2183 3182; x_wconf 87' lang='lat' dir='ltr'><strong>septem</strong></span> <span class='ocrx_word' id='word_1_294' title='bbox 2211 3114 2349 3168; x_wconf 89' lang='lat' dir='ltr'><strong>nervi</strong></span> <span class='ocrx_word' id='word_1_295' title='bbox 2379 3132 2407 3168; x_wconf 92' lang='lat' dir='ltr'><strong>e</strong></span> <span class='ocrx_word' id='word_1_296' title='bbox 2435 3113 2545 3170; x_wconf 81' lang='lat' dir='ltr'><strong>basi</strong></span> 
     </span>
     <span class='ocr_line' id='line_1_32' title="bbox 389 3192 2542 3272; baseline 0.003 -20"><span class='ocrx_word' id='word_1_297' title='bbox 389 3197 796 3272; x_wconf 85' lang='lat' dir='ltr'><strong>progrediuntur.</strong></span> <span class='ocrx_word' id='word_1_298' title='bbox 886 3198 1229 3253; x_wconf 84' lang='lat' dir='ltr'><strong>Anastomoses</strong></span> <span class='ocrx_word' id='word_1_299' title='bbox 1270 3202 1585 3248; x_wconf 83' lang='lat' dir='ltr'><strong>transversae</strong></span> <span class='ocrx_word' id='word_1_300' title='bbox 1628 3192 1850 3249; x_wconf 88' lang='lat' dir='ltr'><strong>alternae</strong></span> <span class='ocrx_word' id='word_1_301' title='bbox 1894 3193 2123 3254; x_wconf 83' lang='lat' dir='ltr'><strong>fortiores</strong></span> <span class='ocrx_word' id='word_1_302' title='bbox 2164 3209 2216 3253; x_wconf 90' lang='lat' dir='ltr'><strong>et</strong></span> <span class='ocrx_word' id='word_1_303' title='bbox 2259 3201 2542 3271; x_wconf 88' lang='lat' dir='ltr'><strong>tenuiores,</strong></span> 
     </span>
     <span class='ocr_line' id='line_1_33' title="bbox 394 3284 2541 3366; baseline 0.002 -24"><span class='ocrx_word' id='word_1_304' title='bbox 394 3305 644 3354; x_wconf 83' lang='lat' dir='ltr'><strong>ramosae,</strong></span> <span class='ocrx_word' id='word_1_305' title='bbox 693 3285 1014 3353; x_wconf 81' lang='lat' dir='ltr'><strong>reticulatae,</strong></span> <span class='ocrx_word' id='word_1_306' title='bbox 1063 3284 1419 3357; x_wconf 84' lang='lat' dir='ltr'><strong>prominentes.</strong></span> <span class='ocrx_word' id='word_1_307' title='bbox 1491 3288 1682 3337; x_wconf 88' lang='lat' dir='ltr'><strong>Amen</strong></span> <span class='ocrx_word' id='word_1_308' title='bbox 1695 3292 1757 3339; x_wconf 92' lang='lat' dir='ltr'><strong>ta</strong></span> <span class='ocrx_word' id='word_1_309' title='bbox 1788 3284 1843 3339; x_wconf 89' lang='lat' dir='ltr'><strong>in</strong></span> <span class='ocrx_word' id='word_1_310' title='bbox 1874 3289 2119 3359; x_wconf 89' lang='lat' dir='ltr'><strong>supremis</strong></span> <span class='ocrx_word' id='word_1_311' title='bbox 2146 3290 2363 3346; x_wconf 88' lang='lat' dir='ltr'><strong>ramulis</strong></span> <span class='ocrx_word' id='word_1_312' title='bbox 2391 3310 2541 3366; x_wconf 90' lang='lat' dir='ltr'><strong>oppo-</strong></span> 
     </span>
     <span class='ocr_line' id='line_1_34' title="bbox 392 3371 2537 3449; baseline 0.004 -21"><span class='ocrx_word' id='word_1_313' title='bbox 392 3373 622 3443; x_wconf 83' lang='lat' dir='ltr'><strong>sitifolia,</strong></span> <span class='ocrx_word' id='word_1_314' title='bbox 677 3372 1043 3447; x_wconf 87' lang='lat' dir='ltr'><strong>pedunculis</strong></span> <span class='ocrx_word' id='word_1_315' title='bbox 1086 3371 1319 3427; x_wconf 85' lang='lat' dir='ltr'><strong>brevibus</strong></span> <span class='ocrx_word' id='word_1_316' title='bbox 1359 3371 1700 3427; x_wconf 86' lang='lat' dir='ltr'><strong>crassiusculis</strong></span> <span class='ocrx_word' id='word_1_317' title='bbox 1730 3373 1975 3429; x_wconf 90' lang='lat' dir='ltr'><strong>teretibus</strong></span> <span class='ocrx_word' id='word_1_318' title='bbox 2005 3375 2195 3449; x_wconf 87' lang='lat' dir='ltr'><strong>glabris</strong></span> <span class='ocrx_word' id='word_1_319' title='bbox 2221 3378 2305 3432; x_wconf 86' lang='lat' dir='ltr'><strong>vix</strong></span> <span class='ocrx_word' id='word_1_320' title='bbox 2333 3385 2369 3434; x_wconf 83' lang='lat'>1</span> <span class='ocrx_word' id='word_1_321' title='bbox 2403 3389 2537 3442; x_wconf 82' lang='lat' dir='ltr'><strong>cent.</strong></span> 
     </span>
     <span class='ocr_line' id='line_1_35' title="bbox 394 3458 2539 3540; baseline 0.004 -25"><span class='ocrx_word' id='word_1_322' title='bbox 394 3459 559 3534; x_wconf 83' lang='lat' dir='ltr'><strong>longis</strong></span> <span class='ocrx_word' id='word_1_323' title='bbox 604 3471 864 3526; x_wconf 83' lang='lat' dir='ltr'><strong>sustenta,</strong></span> <span class='ocrx_word' id='word_1_324' title='bbox 912 3459 1170 3514; x_wconf 70' lang='lat' dir='ltr'><strong>filifformia</strong></span> <span class='ocrx_word' id='word_1_325' title='bbox 1187 3499 1204 3527; x_wconf 87' lang='lat'><strong>,</strong></span> <span class='ocrx_word' id='word_1_326' title='bbox 1240 3458 1458 3532; x_wconf 87' lang='lat' dir='ltr'><strong>pendula</strong></span> <span class='ocrx_word' id='word_1_327' title='bbox 1476 3497 1493 3526; x_wconf 88' lang='lat'><strong>,</strong></span> <span class='ocrx_word' id='word_1_328' title='bbox 1529 3463 1712 3515; x_wconf 60' lang='lat'>8—‘13</span> <span class='ocrx_word' id='word_1_329' title='bbox 1742 3471 1877 3517; x_wconf 88' lang='lat' dir='ltr'><strong>cent.</strong></span> <span class='ocrx_word' id='word_1_330' title='bbox 1910 3461 2058 3535; x_wconf 86' lang='lat' dir='ltr'><strong>longa</strong></span> <span class='ocrx_word' id='word_1_331' title='bbox 2076 3503 2094 3532; x_wconf 88' lang='lat'><strong>,</strong></span> <span class='ocrx_word' id='word_1_332' title='bbox 2131 3464 2539 3540; x_wconf 84' lang='lat' dir='ltr'><strong>hermaphrodita</strong></span> 
     </span>
     <span class='ocr_line' id='line_1_36' title="bbox 396 3545 2534 3625; baseline 0.003 -22"><span class='ocrx_word' id='word_1_333' title='bbox 396 3549 477 3604; x_wconf 79' lang='lat' dir='ltr'><strong>vel</strong></span> <span class='ocrx_word' id='word_1_334' title='bbox 501 3547 735 3603; x_wconf 77' lang='lat' dir='ltr'><strong>feminea.</strong></span> <span class='ocrx_word' id='word_1_335' title='bbox 804 3545 1070 3601; x_wconf 88' lang='lat' dir='ltr'><strong>Rhachis</strong></span> <span class='ocrx_word' id='word_1_336' title='bbox 1100 3545 1276 3618; x_wconf 86' lang='lat' dir='ltr'><strong>glabra</strong></span> <span class='ocrx_word' id='word_1_337' title='bbox 1304 3546 1547 3619; x_wconf 87' lang='lat' dir='ltr'><strong>angulosa</strong></span> <span class='ocrx_word' id='word_1_338' title='bbox 1578 3547 1712 3601; x_wconf 81' lang='lat' dir='ltr'><strong>infra</strong></span> <span class='ocrx_word' id='word_1_339' title='bbox 1743 3550 1995 3625; x_wconf 87' lang='lat' dir='ltr'><strong>cujusque</strong></span> <span class='ocrx_word' id='word_1_340' title='bbox 2023 3551 2181 3606; x_wconf 86' lang='lat' dir='ltr'><strong>ovarii</strong></span> <span class='ocrx_word' id='word_1_341' title='bbox 2210 3553 2534 3610; x_wconf 87' lang='lat' dir='ltr'><strong>insertionem</strong></span> 
     </span>
     <span class='ocr_line' id='line_1_37' title="bbox 392 3631 2534 3713; baseline 0.003 -22"><span class='ocrx_word' id='word_1_342' title='bbox 392 3634 615 3692; x_wconf 83' lang='lat' dir='ltr'><strong>birtella.</strong></span> <span class='ocrx_word' id='word_1_343' title='bbox 684 3633 887 3689; x_wconf 87' lang='lat' dir='ltr'><strong>Flores</strong></span> <span class='ocrx_word' id='word_1_344' title='bbox 930 3633 1135 3699; x_wconf 88' lang='lat' dir='ltr'><strong>remoti,</strong></span> <span class='ocrx_word' id='word_1_345' title='bbox 1188 3631 1470 3705; x_wconf 90' lang='lat' dir='ltr'><strong>sensimque</strong></span> <span class='ocrx_word' id='word_1_346' title='bbox 1513 3634 1799 3688; x_wconf 88' lang='lat' dir='ltr'><strong>remotiores</strong></span> <span class='ocrx_word' id='word_1_347' title='bbox 1816 3673 1835 3701; x_wconf 86' lang='lat'><strong>,</strong></span> <span class='ocrx_word' id='word_1_348' title='bbox 1867 3636 2122 3708; x_wconf 88' lang='lat' dir='ltr'><strong>spiraliter</strong></span> <span class='ocrx_word' id='word_1_349' title='bbox 2166 3638 2393 3713; x_wconf 87' lang='lat' dir='ltr'><strong>dispositi</strong></span> <span class='ocrx_word' id='word_1_350' title='bbox 2407 3679 2426 3709; x_wconf 86' lang='lat'><strong>,</strong></span> <span class='ocrx_word' id='word_1_351' title='bbox 2459 3661 2534 3697; x_wconf 87' lang='lat' dir='ltr'><strong>se-</strong></span> 
     </span>
     <span class='ocr_line' id='line_1_38' title="bbox 391 3718 2535 3796; baseline 0.002 -18"><span class='ocrx_word' id='word_1_352' title='bbox 391 3723 625 3785; x_wconf 87' lang='lat' dir='ltr'><strong>cundum</strong></span> <span class='ocrx_word' id='word_1_353' title='bbox 682 3721 1053 3796; x_wconf 88' lang='lat' dir='ltr'><strong>longitudinem</strong></span> <span class='ocrx_word' id='word_1_354' title='bbox 1116 3718 1601 3793; x_wconf 74' lang='lat' dir='ltr'><strong>tri-quadriseriales.</strong></span> <span class='ocrx_word' id='word_1_355' title='bbox 1703 3725 1993 3779; x_wconf 87' lang='lat' dir='ltr'><strong>Bracteae</strong></span> <span class='ocrx_word' id='word_1_356' title='bbox 2041 3726 2284 3782; x_wconf 86' lang='lat' dir='ltr'><strong>coriaeeae</strong></span> <span class='ocrx_word' id='word_1_357' title='bbox 2300 3768 2317 3796; x_wconf 87' lang='lat'>‚</span> <span class='ocrx_word' id='word_1_358' title='bbox 2366 3728 2535 3787; x_wconf 82' lang='lat' dir='ltr'><strong>fuscae</strong></span> 
     </span>
     <span class='ocr_line' id='line_1_39' title="bbox 392 3807 2536 3891; baseline -0 -25"><span class='ocrx_word' id='word_1_359' title='bbox 392 3813 867 3888; x_wconf 78' lang='lat' dir='ltr'><strong>luteo-marginatae</strong></span> <span class='ocrx_word' id='word_1_360' title='bbox 908 3807 1349 3881; x_wconf 84' lang='lat' dir='ltr'><strong>oblongo-lineares</strong></span> <span class='ocrx_word' id='word_1_361' title='bbox 1393 3813 1572 3877; x_wconf 63' lang='lat'><strong>1}—2</strong></span> <span class='ocrx_word' id='word_1_362' title='bbox 1622 3829 1751 3866; x_wconf 91' lang='lat' dir='ltr'><strong>mm.</strong></span> <span class='ocrx_word' id='word_1_363' title='bbox 1779 3810 1952 3884; x_wconf 84' lang='lat' dir='ltr'><strong>longae</strong></span> <span class='ocrx_word' id='word_1_364' title='bbox 1970 3851 1987 3880; x_wconf 89' lang='lat'><strong>,</strong></span> <span class='ocrx_word' id='word_1_365' title='bbox 2024 3814 2165 3887; x_wconf 87' lang='lat' dir='ltr'><strong>apice</strong></span> <span class='ocrx_word' id='word_1_366' title='bbox 2196 3815 2404 3891; x_wconf 75' lang='lat' dir='ltr'><strong>basique</strong></span> <span class='ocrx_word' id='word_1_367' title='bbox 2434 3820 2536 3875; x_wconf 74' lang='lat' dir='ltr'><strong>ele.</strong></span> 
     </span>
     <span class='ocr_line' id='line_1_40' title="bbox 391 3896 2531 3980; baseline 0.001 -20"><span class='ocrx_word' id='word_1_368' title='bbox 391 3904 524 3960; x_wconf 83' lang='lat' dir='ltr'><strong>vatis</strong></span> <span class='ocrx_word' id='word_1_369' title='bbox 569 3899 981 3974; x_wconf 86' lang='lat' dir='ltr'><strong>marginibusque</strong></span> <span class='ocrx_word' id='word_1_370' title='bbox 1028 3896 1211 3951; x_wconf 83' lang='lat' dir='ltr'><strong>liberae</strong></span> <span class='ocrx_word' id='word_1_371' title='bbox 1226 3935 1243 3964; x_wconf 80' lang='lat'><strong>‚</strong></span> <span class='ocrx_word' id='word_1_372' title='bbox 1273 3906 1524 3952; x_wconf 85' lang='lat' dir='ltr'><strong>caeterum</strong></span> <span class='ocrx_word' id='word_1_373' title='bbox 1556 3898 1767 3954; x_wconf 84' lang='lat' dir='ltr'><strong>adnatae</strong></span> <span class='ocrx_word' id='word_1_374' title='bbox 1794 3900 1939 3978; x_wconf 87' lang='lat' dir='ltr'><strong>quasi</strong></span> <span class='ocrx_word' id='word_1_375' title='bbox 1971 3901 2289 3959; x_wconf 76' lang='lat' dir='ltr'><strong>decurrentes</strong></span> <span class='ocrx_word' id='word_1_376' title='bbox 2309 3907 2464 3980; x_wconf 85' lang='lat' dir='ltr'><strong>juxta</strong></span> <span class='ocrx_word' id='word_1_377' title='bbox 2494 3914 2531 3964; x_wconf 85' lang='lat'>2</span> 
     </span>
     <span class='ocr_line' id='line_1_41' title="bbox 393 3985 2534 4068; baseline 0.002 -23"><span class='ocrx_word' id='word_1_378' title='bbox 393 3990 539 4046; x_wconf 64' lang='grc' dir='ltr'>θοι-ω</span> <span class='ocrx_word' id='word_1_379' title='bbox 568 3998 814 4056; x_wconf 79' lang='lat' dir='ltr'><strong>extensae,</strong></span> <span class='ocrx_word' id='word_1_380' title='bbox 837 3986 1041 4060; x_wconf 85' lang='lat' dir='ltr'><strong>glabrae</strong></span> <span class='ocrx_word' id='word_1_381' title='bbox 1069 3994 1123 4039; x_wconf 88' lang='lat' dir='ltr'><strong>et</strong></span> <span class='ocrx_word' id='word_1_382' title='bbox 1150 3985 1223 4039; x_wconf 85' lang='lat' dir='ltr'><strong>ita</strong></span> <span class='ocrx_word' id='word_1_383' title='bbox 1253 3985 1510 4040; x_wconf 88' lang='lat' dir='ltr'><strong>ordinatae</strong></span> <span class='ocrx_word' id='word_1_384' title='bbox 1538 3996 1600 4040; x_wconf 89' lang='lat' dir='ltr'><strong>ut</strong></span> <span class='ocrx_word' id='word_1_385' title='bbox 1627 3986 1858 4060; x_wconf 90' lang='lat' dir='ltr'><strong>singulus</strong></span> <span class='ocrx_word' id='word_1_386' title='bbox 1886 3988 1980 4042; x_wconf 89' lang='lat' dir='ltr'><strong>flos</strong></span> <span class='ocrx_word' id='word_1_387' title='bbox 2009 3990 2297 4066; x_wconf 75' lang='lat' dir='ltr'><strong>calyculo</strong></span> <span class='ocrx_word' id='word_1_388' title='bbox 2327 3995 2534 4068; x_wconf 88' lang='lat' dir='ltr'><strong>quadri·</strong></span> 
     </span>
     <span class='ocr_line' id='line_1_42' title="bbox 393 4073 2531 4154; baseline 0.001 -19"><span class='ocrx_word' id='word_1_389' title='bbox 393 4079 622 4135; x_wconf 88' lang='lat' dir='ltr'><strong>lobulato</strong></span> <span class='ocrx_word' id='word_1_390' title='bbox 667 4079 807 4133; x_wconf 90' lang='lat' dir='ltr'><strong>intus</strong></span> <span class='ocrx_word' id='word_1_391' title='bbox 840 4074 1041 4130; x_wconf 90' lang='lat' dir='ltr'><strong>hirtello</strong></span> <span class='ocrx_word' id='word_1_392' title='bbox 1060 4113 1077 4142; x_wconf 88' lang='lat'><strong>,</strong></span> <span class='ocrx_word' id='word_1_393' title='bbox 1109 4093 1137 4128; x_wconf 93' lang='lat' dir='ltr'><strong>e</strong></span> <span class='ocrx_word' id='word_1_394' title='bbox 1161 4073 1389 4129; x_wconf 87' lang='lat' dir='ltr'><strong>bracteae</strong></span> <span class='ocrx_word' id='word_1_395' title='bbox 1418 4076 1638 4148; x_wconf 85' lang='lat' dir='ltr'><strong>propriae</strong></span> <span class='ocrx_word' id='word_1_396' title='bbox 1670 4077 1830 4148; x_wconf 90' lang='lat' dir='ltr'><strong>apice,</strong></span> <span class='ocrx_word' id='word_1_397' title='bbox 1868 4076 2181 4134; x_wconf 88' lang='lat' dir='ltr'><strong>adstantium</strong></span> <span class='ocrx_word' id='word_1_398' title='bbox 2213 4082 2531 4154; x_wconf 87' lang='lat' dir='ltr'><strong>marginibus</strong></span> 
     </span>
     <span class='ocr_line' id='line_1_43' title="bbox 391 4161 2528 4241; baseline 0.002 -19"><span class='ocrx_word' id='word_1_399' title='bbox 391 4165 776 4222; x_wconf 82' lang='lat' dir='ltr'><strong>decurrentibus</strong></span> <span class='ocrx_word' id='word_1_400' title='bbox 824 4172 879 4218; x_wconf 89' lang='lat' dir='ltr'><strong>et</strong></span> <span class='ocrx_word' id='word_1_401' title='bbox 922 4180 1073 4236; x_wconf 86' lang='lat' dir='ltr'><strong>supra</strong></span> <span class='ocrx_word' id='word_1_402' title='bbox 1122 4161 1307 4235; x_wconf 86' lang='lat' dir='ltr'><strong>positae</strong></span> <span class='ocrx_word' id='word_1_403' title='bbox 1330 4161 1439 4216; x_wconf 90' lang='lat' dir='ltr'><strong>basi</strong></span> <span class='ocrx_word' id='word_1_404' title='bbox 1469 4162 1664 4216; x_wconf 88' lang='lat' dir='ltr'><strong>cinctus</strong></span> <span class='ocrx_word' id='word_1_405' title='bbox 1694 4163 1777 4219; x_wconf 88' lang='lat' dir='ltr'><strong>sit.</strong></span> <span class='ocrx_word' id='word_1_406' title='bbox 1848 4167 2138 4221; x_wconf 88' lang='lat' dir='ltr'><strong>Ovarium</strong></span> <span class='ocrx_word' id='word_1_407' title='bbox 2172 4168 2528 4241; x_wconf 89' lang='lat' dir='ltr'><strong>subglobosum</strong></span> 
     </span>
     <span class='ocr_line' id='line_1_44' title="bbox 395 4248 2511 4331; baseline 0.001 -21"><span class='ocrx_word' id='word_1_408' title='bbox 395 4254 658 4328; x_wconf 83' lang='lat' dir='ltr'><strong>glabrum,</strong></span> <span class='ocrx_word' id='word_1_409' title='bbox 695 4249 1097 4327; x_wconf 87' lang='lat' dir='ltr'><strong>stigmatibus</strong></span> <span class='ocrx_word' id='word_1_410' title='bbox 1130 4254 1196 4317; x_wconf 82' lang='lat'><strong>3,</strong></span> <span class='ocrx_word' id='word_1_411' title='bbox 1230 4248 1391 4302; x_wconf 86' lang='lat' dir='ltr'><strong>rarius</strong></span> <span class='ocrx_word' id='word_1_412' title='bbox 1420 4253 1486 4316; x_wconf 72' lang='lat'><strong>4,</strong></span> <span class='ocrx_word' id='word_1_413' title='bbox 1521 4248 1771 4304; x_wconf 90' lang='lat' dir='ltr'><strong>rarissime</strong></span> <span class='ocrx_word' id='word_1_414' title='bbox 1799 4255 1834 4304; x_wconf 85' lang='lat'>5</span> <span class='ocrx_word' id='word_1_415' title='bbox 1864 4249 2171 4322; x_wconf 88' lang='lat' dir='ltr'><strong>lanceolatis,</strong></span> <span class='ocrx_word' id='word_1_416' title='bbox 2212 4255 2408 4323; x_wconf 85' lang='lat' dir='ltr'><strong>crassis,</strong></span> <span class='ocrx_word' id='word_1_417' title='bbox 2435 4276 2511 4331; x_wconf 89' lang='lat' dir='ltr'><strong>pu</strong></span> 
     </span>
     <span class='ocr_line' id='line_1_45' title="bbox 387 4335 2533 4417; baseline 0.002 -17"><span class='ocrx_word' id='word_1_418' title='bbox 387 4340 579 4403; x_wconf 83' lang='lat' dir='ltr'><strong>berulis</strong></span> <span class='ocrx_word' id='word_1_419' title='bbox 675 4337 1076 4417; x_wconf 75' lang='lat' dir='ltr'><strong>patulo-deflexis</strong></span> <span class='ocrx_word' id='word_1_420' title='bbox 1092 4377 1109 4408; x_wconf 90' lang='lat'><strong>,</strong></span> <span class='ocrx_word' id='word_1_421' title='bbox 1173 4335 1393 4393; x_wconf 82' lang='lat' dir='ltr'><strong>deciduis</strong></span> <span class='ocrx_word' id='word_1_422' title='bbox 1468 4335 1701 4409; x_wconf 80' lang='lat' dir='ltr'><strong>exiguam</strong></span> <span class='ocrx_word' id='word_1_423' title='bbox 1757 4337 2041 4397; x_wconf 85' lang='lat' dir='ltr'><strong>cicatricem</strong></span> <span class='ocrx_word' id='word_1_424' title='bbox 2105 4342 2533 4417; x_wconf 82' lang='lat' dir='ltr'><strong>relinquentibus.</strong></span> 
     </span>
    </p>
   </div>
  </div>
 </body>
</html>
