3153 5134
1629 292 1766 402 246

636 551 769 602 teae
807 540 1109 599 imbricatae
1155 536 1458 593 rotundatae
1495 534 1733 610 glabrae,
1768 526 2092 607 marginibus
2118 529 2347 604 angustis
2389 522 2788 587 membranaceis

635 633 821 691 albidis
855 635 974 704 (sec.
1009 649 1087 703 sp.
1121 627 1239 698 cit.)

727 809 865 871 119.
958 807 1416 879 Penei-omia
1486 798 2036 860 eanuoueana.
2135 792 2347 855 Erecta
2398 794 2748 856 succulenta
2765 838 2787 870 ‚

623 909 856 994 'glabra
867 956 887 987 ‚
927 909 1016 970 di·
1049 907 1150 967 vel
1183 904 1545 965 trichotome
1579 919 1809 960 ramosa
1828 882 1861 976 ,¹
1885 898 2047 959 foliis
2079 897 2390 976 quaternis
2404 943 2423 975 ‚
2463 898 2652 961 ternis
2686 896 2786 958 vel

653 1011 971 1095 oppositis,
1010 1004 1375 1070 succulentis
1426 1002 1595 1062 fusce
1646 999 2018 1079 glanduloso·
2033 997 2448 1075 subpunctatis
2461 1042 2481 1074 ,
2526 997 2750 1076 glabris
2767 1043 2789 1072 ,

648 1114 1032 1196 longiuscule
1055 1109 1381 1191 petiolatis,
1407 1103 1676 1167 obovatis
1698 1103 1825 1161 basi
1851 1101 2120 1162 cuneatis
2145 1099 2798 1179 subquinquenerviis,¹

658 1219 915 1283 amentis
945 1213 1293 1276 axillaribus
1320 1218 1382 1271 et
1412 1205 1828 1269 terminalibus
1854 1205 2218 1283 plerumque
2248 1202 2467 1263 binatis
2500 1210 2562 1264 et
2593 1211 2790 1263 terna-

655 1324 735 1383 tis
763 1321 946 1399 longe
978 1312 1401 1398 pedunculatis
1432 1309 1650 1371 erectis
1680 1307 2066 1367 flliformibus
2098 1305 2493 1366 remotissoris.

687 1500 690 1504 Α
739 1423 1035 1485 Habitat
1083 1419 1152 1478 in
1202 1415 1380 1476 India
1427 1413 1532 1496 (an
1583 1410 1991 1472 occidentali?
2051 1408 2230 1470 Herb.
2264 1406 2579 1469 Ventenat.
2623 1422 2793 1465 nunu

660 1524 949 1588 lleLesa!
991 1519 1240 1583 nomine
1280 1516 1537 1596 »Piper
1581 1511 2163 1574 rotundifolium
2198 1517 2345 1571 teste
2384 1507 2795 1586 Richard'').

729 1648 896 1707 Herba
926 1653 1092 1702 erecta
1128 1639 1422 1698 succulenta
1466 1636 1668 1711 glabra,
1710 1636 1843 1691 sicca
1888 1634 2271 1690 membranacea
2315 1633 2511 1688 viridis.
2584 1630 2801 1687 Caulis

654 1730 935 1813 ramique
965 1732 1101 1789 terni
1139 1729 1221 1785 vel
1251 1725 1498 1801 oppositi,
1531 1724 1849 1779 teretiuscnli
1888 1722 2051 1796 glabri
2076 1722 2289 1792 virides,
2324 1721 2625 1777 internodiis
2654 1725 2802 1776 3—'7

655 1836 792 1884 cent.
819 1818 1000 1897 longis.
1072 1817 1244 1874 Folia
1276 1814 1513 1868 inferiora
1537 1822 1809 1886 quaterna,
1835 1811 2033 1886 reliqua
2058 1820 2205 1867 terna
2230 1820 2283 1866 et
2303 1811 2557 1886 opposita,
2590 1810 2647 1864 in
2670 1808 2804 1863 sicco

651 1913 1060 1975 membranacea,
1097 1903 1353 1980 glandulis
1375 1900 1526 1955 fuscis
1549 1899 1912 1973 subpellucidis
1943 1907 2212 1973 punctam,
2244 1918 2397 1971 supra
2415 1895 2802 1971 opaco-viridia,

651 2000 835 2058 subtus
857 1993 1180 2073 pallescentia
1212 1992 1456 2066 utrinqne
1481 1987 1685 2071 glabra,
1723 1986 1982 2060 petiolis
2002 1989 2145 2041 1-——2
2172 1996 2305 2042 cent.
2334 1985 2499 2060 longis
2527 1970 2697 2040 antice
2716 2003 2801 2039 ca·

651 2086 948 2146 naliculatis
976 2090 1226 2150 sustenta,
1262 2079 1548 2144 suberecta,
1583 2075 1796 2132 obovata
1825 2075 1967 2148 apice
1995 2074 2270 2129 rotundata
2296 2093 2410 2128 raro
2439 2073 2805 2140 subtruncata,

652 2177 767 2234 basi
809 2176 1115 2251 plerumque
1157 2169 1419 2224 cuneatim
1462 2174 1736 2239 angustata
1775 2163 1858 2219 vel
1902 2163 2203 2237 simpliciter
2244 2173 2393 2218 acuta
2408 2200 2427 2231 ‚
2480 2158 2807 2234 marginibus

657 2261 1014 2329 subrevoluta,
1049 2261 1193 2313 3-4
1237 2263 1371 2311 cent.
1403 2254 1584 2327 longa,
1619 2257 1654 2307 2
1660 2245 1799 2319 }—3
1837 2259 1970 2304 cent.
2002 2248 2140 2303 infra
2164 2250 2357 2322 apicem
2379 2248 2484 2302 lata
2500 2286 2517 2315 ,
2553 2246 2809 2322 quinque·

646 2351 857 2420 nervia,
895 2347 1058 2404 nervis
1077 2345 1353 2411 tenuibus,
1380 2341 1547 2397 tribus
1570 2338 1753 2393 mediis
1771 2335 1945 2409 paullo
1966 2333 2261 2390 fortioribus
2282 2334 2572 2390 dichotome
2593 2332 2808 2388 ramosis

657 2450 715 2496 et
755 2439 824 2494 ad
870 2437 981 2492 folii
1027 2434 1223 2509 apicem
1268 2430 1350 2487 vel
1395 2429 1459 2484 ad
1506 2426 1795 2500 marginem
1838 2422 1996 2496 apicis
2038 2422 2469 2497 pertingentibus,
2504 2417 2807 2475 lateralibus

653 2524 1003 2595 tenuioribus,
1038 2522 1175 2578 circa
1208 2518 1497 2594 marginem
1518 2512 1762 2570 nervulus
1783 2511 1955 2566 tenuis
1984 2510 2225 2566 decurrit.
2296 2517 2559 2566 Amenta
2591 2527 2653 2563 a
2679 2507 2809 2562 axil-

655 2614 727 2670 lis
773 2613 1011 2669 foliorum
1062 2607 1295 2663 lateralia
1338 2615 1393 2660 et
1434 2599 1734 2659 terminalia
1747 2638 1764 2667 ,
1804 2599 2107 2673 plerumque
2140 2609 2288 2655 terna
2325 2610 2380 2655 et
2417 2598 2570 2668 bina,
2607 2608 2772 2653 erecta
2788 2635 2808 2665 ‚

655 2697 1036 2777 pedunculis
1076 2693 1270 2769 glabris
1313 2696 1457 2747 3--5
1508 2698 1644 2744 cent.
1689 2687 1853 2761 longis
1896 2696 2147 2755 sustenta,
2184 2686 2451 2741 filiformia
2486 2689 2634 2740 5-7
2675 2694 2809 2741 cent.

656 2791 836 2864 longa,
869 2795 1037 2852 recta,
1071 2782 1404 2838 remotiflora.
1474 2783 1765 2832 Bracteae
1804 2775 2214 2829 membranaceae
2254 2775 2472 2848 peltatae
2511 2773 2698 2829 sessiles
2728 2793 2806 2829 or·

655 2877 910 2934 biculares
932 2873 1153 2949 glabrae.
1224 2869 1509 2927 Stamina
1540 2868 1670 2935 duo,
1700 2864 2050 2920 filamentis
2082 2862 2351 2929 teretibus,
2380 2862 2661 2918 antheris
2690 2860 2810 2915 sub-

652 2964 871 3041 globosis
919 2959 1291 3016 bilocularibus
1311 2997 1328 3025 ,
1377 2955 1562 3011 loculis
1614 2953 1855 3027 appositis
1911 2950 2349 3024 subsemiglobosis
2399 2951 2595 3006 sordide
2644 2949 2811 3004 flavis,

653 3051 952 3109 Ovar‘ium
987 3057 1189 3103 rectum
1225 3054 1463 3113 ovatum3
1498 3043 1730 3116 stigma
1763 3039 2076 3115 puberulum
2113 3041 2233 3108 (sec.
2268 3057 2344 3110 sp.
2381 3038 2496 3107 cit.)

733 3139 952 3195 Adnot.
1023 3140 1155 3190 Haec
1196 3144 1250 3189 et
1293 3150 1507 3205 sequens,
1543 3130 1725 3203 species
1774 3133 1829 3184 P.
1872 3126 2261 3199 marg-iustae
2288 3135 2343 3179 et
2383 3123 2815 3197 portulacoidc

666 3225 871 3295 affines,
908 3225 952 3281 si
987 3223 1310 3299 singularum
1346 3218 1578 3295 partium
1613 3225 1928 3272 structuram
1963 3211 2182 3285 respicis.

694 3467 697 3468 a
752 3399 890 3462 120.
970 3400 1426 3473 Penei-omia
1483 3392 2088 3455 Pcrrottetiana.
2184 3388 2818 3450 carnoso-succulenta

672 3505 885 3586 glabra
903 3548 922 3580 ,
962 3521 1177 3582 repens
1193 3546 1212 3578 ‚
1251 3497 1527 3559 radicans
1545 3541 1563 3572 ,
1617 3492 1960 3553 dichotome
2009 3510 2237 3552 ramosa
2254 3536 2274 3567 ‚
2326 3491 2509 3551 ramis
2559 3490 2776 3551 erectis
2792 3534 2815 3565 ,

668 3606 832 3670 foliis
883 3602 1168 3685 oppositis
1212 3635 1295 3647 —-
1340 3596 1652 3679 quaternis
1671 3642 1690 3673 ‚
1746 3595 1985 3656 modice
2035 3595 2335 3674 petiolatis
2354 3638 2372 3670 ‚
2412 3611 2812 3655 carnoso-suc·

668 3706 935 3772 culentis
947 3753 968 3785 ,
1008 3703 1315 3785 glandulis
1363 3700 1546 3761 fuscis
1599 3699 1933 3779 punctam,
1973 3697 2227 3775 glabris,
2278 3697 2547 3759 obovatis
2581 3696 2679 3758 vel
2712 3693 2815 3751 in-

672 3810 1000 3873 ferioribus
1036 3805 1374 3869 minoribus
1423 3800 2150 3862 subrutundalo-obovatis
2163 3844 2184 3877 ‚
2234 3800 2538 3860 trinerviis
2572 3797 2671 3857 vel
2704 3793 2817 3853 ob-

673 3914 863 3977 solete
911 3905 1413 3992 quinquenerviis
1450 3903 1878 3985 costulatisque
1894 3949 1913 3983 ,
1967 3903 2224 3965 amentis
2255 3899 2675 3964 terminalibus
2712 3914 2812 3956 so-

669 4016 890 4080 litariis
952 4011 1168 4075 erectis
1235 4005 1619 4087 longiuscule
1684 4005 2110 4086 pedunculatis
2182 4000 2530 4086 pedunculo
2598 4018 2815 4080 parum

675 4116 1053 4201 longioribus
1083 4110 1621 4175 subconsertifloris
1635 4154 1653 4185 ,
1693 4111 1914 4172 orariis
1937 4105 2408 4173 semi-immersis
2425 4103 2597 4183 apice
2615 4102 2819 4164 antico

671 4225 891 4304 stigma
927 4219 1108 4297 louge
1146 4214 1566 4297 penicillatum
1605 4214 1972 4294 gerentibus.

757 4324 1079 4390 Habitat.
1098 4322 1165 4384 in
1211 4319 1410 4386 insula
1460 4316 1744 4384 Boni-bon
1790 4311 2130 4402 (Perrottetl
2174 4311 2243 4374 in
2271 4309 2446 4374 Her-b.
2479 4309 2567 4374 De
2604 4306 2816 4392 Lm),
