3153 5134
1623 339 1756 403 234

552 544 561 555 “
617 539 801 616 natis,
857 539 987 600 basi
1039 539 1308 600 cuneatis
1356 537 1652 598 truncatis
1704 536 1802 598 v'el
1835 539 2189 618 subpeltatis
2217 541 2758 621 quintuplinerviis

623 643 943 722 coriaceis„
988 644 1242 704 amentis
1283 642 1605 718 brevibus,
1651 661 1829 702 masc.
1866 643 2186 719 tenuibus,
2229 643 2508 705 femineis
2539 646 2637 708 his
2666 647 2756 710 di-

618 746 810 808 midio
844 746 1254 824 brevioribus,
1293 746 1669 825 stigmatibus
1705 747 1774 822 5,
1817 746 2016 807 baccis
2050 747 2631 828 depresso-globosis.

695 849 996 911 Habitat
1027 849 1094 909 in
1129 849 1295 910 Nova
1333 850 1566 909 Guinea
1602 847 1816 928 (Hiuds
1850 849 1892 910 l.
1927 847 2007 933 c.)

683 993 766 1043 An
797 987 1094 1043 Chavicae
1124 988 1422 1042 miniatae
1455 986 1529 1042 vel
1559 987 1846 1043 Siriboae
1874 989 2089 1044 affinis?

683 1075 973 1144 Frutieosa,
1027 1074 1300 1144 scandens,
1352 1074 1710 1143 subradicanS,
1761 1076 1943 1133 dioica.
1992 1106 2065 1120 —
2115 1079 2336 1135 »Rami
2378 1087 2594 1148 teretes,
2640 1080 2759 1134 sub·

610 1154 881 1236 compressi
929 1161 1010 1217 vel
1053 1162 1233 1218 leviter
1275 1164 1442 1218 striati
1459 1203 1476 1231 ,
1511 1164 1725 1237 rigiduli
1742 1203 1761 1231 ,
1799 1164 1864 1218 ad
1893 1164 2047 1220 nodos
2072 1164 2387 1239 fragilissimi
2409 1205 2427 1236 ,
2458 1167 2759 1222 internodiis

609 1250 1125 1324 2-——3-pollicaribus.
1197 1250 1425 1306 Petioli
1448 1250 1952 1325 subsemipollieareS.
1986 1252 2267 1326 stipulas
2293 1272 2392 1308 non
2426 1253 2550 1309 vidi.
2585 1255 2758 1310 Folia

606 1338 1064 1412 2—3-pollicaria,
1117 1337 1432 1411 superiora
1478 1337 1586 1392 basi
1631 1337 2062 1413 subinaequaliter
2104 1348 2157 1394 et
2191 1339 2481 1395 brevissime
2511 1350 2758 1410 cuneata,

605 1422 908 1480 inferiora
951 1425 1058 1480 basi
1104 1425 1208 1480 late
1250 1434 1302 1480 et
1350 1424 1531 1480 leviter
1572 1425 1779 1480 cordata
1822 1428 1899 1480 vel
1927 1427 2008 1498 (in
2039 1427 2276 1482 masculis
2319 1424 2437 1483 solis
2453 1430 2503 1500 ?)
2539 1428 2760 1485 breviter

606 1515 824 1589 peltata,
874 1514 1012 1569 venis
1059 1514 1364 1589 plerumque
1405 1518 1441 1568 5
1457 1552 1474 1582 ,
1525 1533 1746 1588 quarum
1777 1519 1811 1569 2
1847 1514 2058 1589 saepius'
2074 1534 2226 1589 supra
2256 1516 2399 1571 basin
2431 1526 2586 1573 ortae.
2659 1522 2757 1572 Pe-

605 1603 865 1658 dunculi
898 1601 1244 1677 opposititblii,
1281 1601 1683 1676 semipollicares.
1756 1608 2017 1658 Amenta
2044 1605 2323 1660 mascula
2352 1605 2646 1679 pollicaria,
2679 1616 2755 1661 tc·

604 1692 763 1760 nuia,
799 1692 1084 1748 densiflora.
1155 1695 1444 1746 Bracteae
1472 1691 1711 1765 peltatae.
1780 1692 2060 1747 Stamina
2090 1697 2156 1760 2,
2189 1693 2448 1763 lateralia,
2473 1692 2754 1750 filamen·

608 1779 696 1835 tis
725 1778 962 1834 brevibus
991 1779 1194 1848 crassis,
1230 1779 1506 1835 antheris
1535 1779 1750 1834 ovoideis
1781 1778 2146 1836 bilocularibus
2174 1782 2424 1836 extr-orsis.
2495 1785 2754 1836 Amenta

608 1867 878 1922 feminea
906 1867 990 1921 vix
1017 1866 1420 1940 semipollicaria.
1482 1870 1777 1922 Bracteae
1801 1867 2021 1941 peltatae
2048 1868 2289 1923 masculis
2317 1869 2551 1924 minoroe.
2605 1872 2753 1924 Ova·

605 1957 768 2011 rium
801 1955 982 2011 sessile.
1052 1955 1363 2029 Stigmata
1393 1961 1456 2024 5,
1494 1956 1706 2024 sessilia,
1741 1965 2027 2023 recurvata,
2052 1955 2275 2010 breviter
2303 1955 2540 2024 linearia,
2566 1965 2749 2024 acuta,

609 2043 951 2100 crassiuseula.
1022 2047 1246 2099 Baccae
1283 2043 1503 2112 sessileS,
1555 2043 2062 2118 depresso-globosae,
2116 2041 2510 2098 confertissimae
2551 2053 2606 2097 et
2631 2062 2751 2098 cum

606 2133 822 2189 bracteis
848 2132 1214 2201 subconnatae,
1252 2152 1576 2207 nequaquam
1604 2132 1713 2187 basi
1746 2132 2089 2187 constrictae.”
2163 2131 2416 2186 Bentham
2449 2130 2488 2186 l.
2522 2149 2570 2187 c.

603 2212 607 2216 ⁴
679 2222 962 2296 specimina
1007 2222 1127 2276 adeo
1172 2221 1408 2276 diffracta
1453 2232 1631 2289 erant,
1677 2229 1735 2274 ut
1780 2219 2152 2275 cl.·B!:M·11AM
2188 2238 2278 2293 pro
2315 2229 2450 2274 certo
2488 2217 2747 2274 affirmare

606 2330 710 2369 non
755 2308 926 2384 potuit
942 2349 960 2380 ,
1007 2327 1138 2364 num
1164 2307 1284 2364 folia
1308 2307 1510 2365 cordata
1542 2308 1621 2363 vel
1650 2307 1841 2382 peltata
1870 2305 1935 2361 ad
1961 2305 2127 2362 solum
2160 2325 2234 2381 sp.
2268 2323 2423 2362 masc.
2456 2306 2744 2380 pertineant

604 2420 698 2456 nec
729 2418 813 2456 ne·

685 2583 747 2645 5.
829 2580 1157 2643 chavlca
1191 2580 1524 2650 inmuta.
1588 2569 1777 2656 Piper
1802 2574 2048 2634 Blume!
2074 2576 2145 2633 in
2175 2575 2238 2637 V
2230 2573 2347 2634 erla.
2371 2574 2590 2634 Batav.
2629 2573 2740 2633 Ge·

605 2699 790 2749 novis.
823 2671 981 2745 Tom.
1008 2684 1124 2745 XI.
1147 2705 1209 2764 p.
1237 2682 1374 2744 166.
1433 2682 1645 2740 Enum.
1663 2679 1755 2761 pl.
1782 2679 1977 2770 Javae
1990 2680 2155 2759 fasc.
2186 2677 2244 2738 I.
2264 2698 2334 2757 p.
2364 2677 2463 2739 65.
2507 2675 2740 2736 Gubeba

598 2792 748 2870 Miq.
768 2790 804 2851 1.
824 2812 872 2850 ο.
884 2810 945 2870 p.
961 2786 1060 2847 33.
1091 2785 1399 2847 Fruticosa
1427 2782 1746 2859 scandens„
1764 2779 2017 2842 ramulis
2029 2779 2391 2861 petiolisque
2406 2777 2741 2857 puberulis,

603 2892 769 2954 foliis
812 2892 1081 2952 breviter
1128 2887 1434 2968 petiolatis
1479 2885 1959 2947 membranaceis
1978 2928 1997 2961 ,
2035 2882 2426 2946 inferioribus
2458 2880 2744 2961 ellipticis

604 2998 735 3058 basi
786 2994 1096 3074 inaequali
1145 2991 1517 3052 subcordatis
1530 3035 1550 3067 ,
1608 2987 2017 3068 superioribus
2072 2984 2742 3062 lanoeolawoblongis‚

603 3100 1075 3177 lanceolatisque
1106 3095 1236 3156 basi
1267 3093 1593 3155 rotundata
1623 3090 1978 3170 subaequali
2014 3089 2113 3150 vel
2145 3106 2363 3167 parum
2397 3085 2738 3167 inaequali,

602 3203 904 3285 quinque·
956 3197 1078 3257 illis
1129 3194 1633 3275 septem-nerviis,
1687 3191 2052 3271 subglahris‚
2102 3187 2469 3270 pedunculis
2511 3189 2740 3269 petiole

602 3305 870 3367 multum
904 3300 1306 3382 longioribus,
1347 3298 1604 3359 amentis
1637 3293 1964 3379 (femineis)
1997 3293 2319 3373 elongatis,
2360 3292 2738 3373 stigmatibus

602 3408 764 3470 3-4
799 3403 1052 3484 exiguis.

669 3538 697 3589 1
706 3550 833 3589 con
859 3525 1109 3584 Blurnel.
1141 3544 1190 3584 c.
1214 3524 1340 3581 folia
1370 3522 1753 3600 xylographiee.

684 3647 1022 3711 Habitat
1005 3667 1071 3706 ιιι
1089 3645 1268 3727 sylvis
1293 3643 1513 3704 montis
1536 3641 1770 3721 Parang
1796 3648 1859 3701 et
1881 3639 1959 3700 ad
1984 3636 2307 3717 Tjiradjas,
2333 3638 2400 3699 in
2422 3637 2739 3701 Provincia

602 3757 907 3832 Krawang
952 3752 1100 3812 Java
1137 3748 1373 3812 insulae
1424 3737 1696 3831 (Blumel
1754 3744 1795 3804 l.
1834 3763 1888 3805 c.
1922 3753 1983 3804 et
2018 3742 2083 3801 in
2119 3742 2299 3804 Herb.
2334 3742 2528 3821 Lugd.
2563 3737 2732 3821 Bae).

602 3861 681 3921 In
732 3858 844 3919 ins.
896 3854 1255 3933 Philippinis
1302 3850 1623 3934 (Cumingl
1666 3849 1732 3907 in
1769 3846 1949 3908 Herb.
1985 3844 2072 3906 De
2104 3845 2256 3906 Less.
2284 3853 2349 3906 et
2382 3865 2509 3924 reg.
2540 3842 2736 3974 berol..

601 3984 664 4024 ιι.
699 3960 812 4024 841
860 3959 1038 4039 stirps
1068 3956 1240 4031 fem„
1278 3954 1435 4017 1708
1469 3949 1675 4031 masc.)

666 4098 893 4158 Frutex,
944 4086 1278 4143 sarmentis
1327 4085 1393 4139 ad
1441 4082 1596 4137 nodos
1643 4078 1870 4135 tumidos
1916 4078 2263 4136 radicantibus
2314 4076 2560 4133 altissime
2599 4094 2739 4134 secus

595 4182 797 4239 arbores
843 4176 1112 4244 scandens,
1163 4172 1271 4230 basi
1315 4171 1400 4226 vix
1442 4170 1685 4243 pollicem
1734 4186 1947 4224 crassus,
2037 4165 2213 4221 Rami
2255 4163 2521 4239 cylindrici
2561 4162 2740 4222 laeves.

597 4268 846 4328 Ramuli
892 4285 995 4322 uno
1038 4263 1198 4320 latere
1241 4258 1578 4336 planiusculi,
1628 4257 1685 4312 in
1717 4254 2100 4313 sicco-brunnei
2129 4252 2388 4321 striulati,
2423 4252 2648 4327 supremi
2681 4249 2742 4308 ut

597 4358 772 4434 petioli
808 4351 1062 4432 pubet-uli.
1137 4347 1421 4407 luternodia
1457 4350 1604 4404 244
1646 4354 1782 4401 cent.
1819 4343 1970 4416 longa
1989 4375 2009 4412 ‚
2042 4341 2279 4398 flexuosa.
2347 4339 2478 4398 Nudi
2513 4340 2737 4410 tumidi,
