3153 5134
1641 415 1773 481 340

651 613 907 686 liculatis,
933 644 938 648 ·
965 610 1182 683 erectis,
1221 601 1639 689 pubescentibus,
1687 618 1760 682 1}
1787 623 1920 670 cent.
1952 614 2151 669 circiter
2178 614 2367 689 longis,
2408 614 2781 674 horizontaliter

653 705 878 778 patentia
890 691 925 774 ,‘
959 703 1015 758 in
1073 703 1202 760 sicco
1240 702 1555 757 subcoriacea
1572 741 1592 770 ‚
1638 701 2153 777 pellucido-punctam
2173 743 2190 771 ‚
2214 701 2389 772 ovata,
2425 704 2535 761 basi
2577 706 2777 779 aequali

652 792 852 848 cordata
897 791 1022 847 lobis
1061 789 1347 846 rotundatis
1390 789 1764 863 divergentibus
1779 830 1796 859 ,
1851 808 2019 846 versus
2046 791 2241 865 apicem
2264 792 2448 848 sensim
2478 803 2772 862 attenuata,

653 879 946 935 acuminata
991 878 1226 934 acumine
1266 887 1443 950 acuto,
1498 877 1808 951 aequilatera
1821 918 1839 948 ‚
1875 880 2191 954 marginibus
2224 882 2445 955 repanda
2472 893 2526 937 et
2550 883 2780 937 subrevo-

658 968 803 1037 luta‚
852 971 1034 1036 5—54
1080 973 1212 1038 cent.
1254 964 1438 1038 longa,
1474 969 1651 1031 3—3}
1680 965 1744 1019 ad
1772 966 1917 1022 basin
1944 967 2081 1038 lata,
2114 987 2265 1023 nervo
2292 970 2460 1026 medio
2487 972 2553 1026 ad
2585 970 2776 1045 apicem
2814 978 2820 982 ⁴
2853 1005 2856 1008 ι

539 1046 550 1054 ’
654 1067 976 1132 percurrente
1007 1054 1252 1127 utrinque
1278 1072 1306 1107 e
1334 1053 1441 1108 basi
1469 1064 1592 1121 troe,
1631 1062 1686 1107 et
1715 1054 1854 1111 ultro
1883 1065 1986 1111 tres
2010 1057 2211 1111 circiter
2235 1057 2451 1113 costulas
2482 1060 2773 1130 emittente,

655 1146 863 1200 infimas
905 1142 1285 1211 subtilissimae,
1331 1142 1478 1196 nulla
1519 1141 1584 1195 ad
1615 1142 1807 1215 apicem
1834 1153 2159 1215 percurrente
2180 1185 2197 1213 ,
2226 1144 2464 1199 omnibus
2488 1144 2779 1200 reticulato-

611 1233 614 1236 ’
655 1228 1142 1290 anastomosantibus
1182 1240 1236 1285 et
1267 1230 1446 1284 subtus
1476 1228 1815 1302 prominulis..
1844 1231 1845 1234 ’
1904 1229 2091 1303 Pagina
2134 1248 2248 1304 sup.
2292 1230 2572 1285 atroviridis
2599 1232 2775 1303 glabra

653 1317 998 1387 verruculum,
1034 1318 1244 1373 inferior
1267 1316 1830 1392 pallido-glauoescenS,
1862 1316 1918 1370 in
1947 1334 2002 1373 n.
2031 1316 2201 1373 medio
2224 1327 2278 1371 et
2302 1317 2511 1390 reliquis
2540 1317 2778 1390 inprimis

645 1428 823 1466 versus
850 1408 991 1464 basin
1025 1406 1522 1481 birtello-puberula.
1569 1403 1822 1479 Stipula
1852 1404 2276 1480 oppositifolia
2303 1406 2478 1480 glabra
2501 1405 2779 1462 lanceolata

655 1498 922 1554 convoluta
948 1496 1159 1553 demum
1185 1495 1303 1552 fissa
1332 1494 1543 1551 decidua
1572 1498 1605 1550 1
1644 1502 1779 1552 cent.
1806 1493 2006 1552 cimiter
2030 1493 2194 1569 longa.
2230 1497 2349 1566 (sec.
2373 1511 2448 1569 sp.
2476 1495 2591 1565 cit.)

738 1822 868 1882 ΧΠ.
945 1824 1406 1883 mumma
1453 1839 1575 1884 mo..
1625 1820 1694 1879 in
1753 1819 2066 1880 comment.
2100 1820 2372 1903 phytogr.
2399 1841 2464 1901 p.
2497 1820 2597 1883 34.
2637 1820 2777 1882 Tol».

657 1925 773 1985 IV.
797 1924 909 2006 fig.
941 1922 1019 1984 B.
1101 1923 1352 1985 Flores
1386 1922 1598 1998 dicici,
1635 1923 1997 1998 amentacei‚
2038 1923 2206 2001 quasi
2234 1923 2415 1983 nudi:
2444 1944 2481 1984 e
2507 1924 2781 2004 cyatho

653 2046 901 2088 carnoso
953 2025 1199 2105 gibboso
1247 2023 1514 2104 primum
1566 2026 1804 2101 clauso,
1845 2025 1984 2085 dein
2025 2032 2358 2086 transverse
2385 2026 2515 2087 fisso
2547 2034 2609 2086 et
2639 2026 2776 2087 suh·

650 2128 1275 2209 galeaeformi-bilobo
1300 2127 1360 2209 (e
1384 2128 1640 2187 bracteis
1665 2127 1937 2188 connatis
1960 2126 2115 2209 orto)
2139 2137 2534 2207 erumpentes.
2573 2129 2629 2188 M
2636 2150 2669 2190 a
2681 2148 2768 2190 sc.

634 2220 986 2293 ‘Stamina
1038 2230 1237 2292 5-10
1290 2229 1423 2290 uni·
1473 2231 1572 2290 vel
1621 2231 1958 2306 biserialia‚
2013 2229 2428 2291 filamentis
2482 2231 2769 2291 brevibus

649 2336 886 2411 crassis,
944 2354 1027 2395 an
1042 2334 1111 2394 th
1125 2333 1274 2393 eris
1323 2331 1789 2409 biloeularibus‚
1828 2333 2042 2394 loculis
2066 2332 2420 2394 eonnectivo
2449 2353 2642 2394 crasso
2670 2354 2768 2394 se—

645 2439 867 2519 paratis
882 2485 901 2515 ‚
958 2439 1110 2498 rima
1160 2445 1491 2497 extrorsum
1541 2436 2005 2498 dehiscentibus.
2104 2436 2246 2497 Pili
2279 2437 2609 2498 setiformes
2640 2436 2765 2498 fila·

645 2543 864 2604 mentis
893 2539 1244 2602 intermixti.
1295 2539 1476 2602 Fem.
1518 2538 1865 2605 Ovarium
1896 2539 2352 2620 subglobosum,
2389 2540 2769 2602 uniloculare

645 2645 828 2707 ovulo
874 2664 1057 2705 unico
1104 2641 1343 2707 basilari
1413 2643 1779 2722 orthotropo.
1894 2643 2246 2722 Stigmata
2295 2643 2455 2704 3—4
2512 2644 2764 2707 linearia

647 2748 963 2828 puberula.
1043 2746 1313 2806 Baccae
1343 2745 1734 2824 subglobosae
1766 2746 1981 2826 cyatho
2013 2766 2259 2808 carnoso
2289 2745 2585 2808 suffultae.
2656 2747 2765 2808 Se·
2882 2768 2886 2772 *

646 2871 810 2912 men
862 2849 1316 2928 subglobosum,
1375 2848 1667 2909 umbilico
1721 2850 1938 2930 amplo.
2032 2848 2403 2927 Albumen
2431 2850 2768 2928 radiatum,

637 2954 883 3016 ‹ambitu
917 2971 1239 3028 corneum,
1280 2957 1490 3010 centro
1520 2951 1865 3013 farinosum.
1962 2952 2270 3034 Embryo
2296 2954 2362 3013 in
2396 2955 2567 3034 apice
2599 2954 2766 3015 albu·

649 3057 832 3117 minis
882 3057 1213 3133 antitropus
1257 3053 1497 3113 sacculo
1546 3053 1855 3116 turbinato
1900 3054 2185 3118 inclusus.
2265 3056 2531 3118 Fruticee
2542 3057 2772 3138 javam·

647 3158 953 3218 monticuli
1007 3158 1428 3216 arborescentes
1446 3201 1463 3231 ‚
1545 3158 1725 3217 erecti
1740 3202 1759 3234 ‚
1818 3158 2155 3219 scandentes
2171 3204 2190 3235 ‚
2233 3161 2419 3240 soliis
2458 3160 2764 3240 petiolatia

646 3262 931 3322 coriaceis
955 3259 1182 3341 glabris
1222 3257 1917 3338 m‘pli-septuplinerviie,
1932 3261 2193 3342 floribus
2220 3262 2569 3320 amemaceie
2592 3262 2770 3339 quasi

644 3365 825 3425 nudie
840 3409 859 3440 ,
914 3362 1120 3422 rhaclti
1158 3362 1420 3441 primum
1468 3361 1690 3442 gracili
1721 3361 1857 3421 dein
1894 3364 2257 3439 incrassata,
2295 3364 2494 3424 baccis
2530 3365 2766 3446 magnis

647 3448 1077 3528 &monast-uzi,
1107 3464 1274 3525 valde
1305 3464 1645 3523 aromatici.
1677 3465 2035 3527 rubentibus.
2207 3453 2216 3461 ’

715 3632 887 3684 Genus
917 3625 973 3681 in
998 3624 1092 3680 hoc
1116 3622 1293 3680 ordine
1317 3623 1526 3680 omnino
1553 3623 1638 3678 sui
1658 3624 1819 3699 juris,
1857 3621 2180 3681 amentor-um
2198 3624 2395 3681 fabrica
2412 3634 2468 3681 et
2485 3625 2773 3683 staminum

643 3734 855 3771 numero
875 3711 1150 3768 admodum
1170 3710 1394 3786 insigne,
1415 3711 1580 3767 dicavi
1601 3713 1765 3769 amieo
1781 3712 2037 3770 carissimo
2058 3729 2294 3770 nunno
2317 3729 2515 3771 Jouun
2538 3730 2769 3789 utun,

641 3801 964 3858 celeberrimo
1004 3797 1257 3871 chcmico,
1310 3798 1405 3873 qui
1450 3798 1702 3855 chemiam
1748 3800 2039 3877 organicam
2085 3802 2507 3877 ponderosissimis
2548 3802 2769 3859 inventis

635 3889 932 3945 illustravit.

716 3976 977 4055 cyathi,
1010 3993 1071 4029 ex
1113 3993 1217 4048 quo
1256 3974 1351 4030 flos
1388 3973 1635 4050 emergit,
1670 3985 1859 4031 natura
1897 3975 2267 4051 morpbologica
2296 3977 2487 4052 optime
2526 3976 2770 4052 intellig-i·

642 4077 764 4134 tur,
802 4065 843 4119 si
867 4081 986 4116 cum
1019 4061 1235 4115 amentis
1258 4061 1446 4135 Piper-is
1476 4062 1668 4136 generis
1698 4061 1819 4119 baec
1848 4064 2210 4120 inflorescentia
2237 4075 2573 4140 comparatur.
2621 4070 2766 4120 Brae-

640 4165 751 4210 teae
792 4149 898 4205 scil.
938 4166 1112 4203 omncs
1152 4147 1287 4202 inter
1329 4168 1378 4203 se
1418 4159 1470 4203 ct
1512 4169 1636 4205 cum
1680 4150 1858 4207 rhacbi
1892 4152 2100 4207 coalitae
2128 4152 2318 4208 florum
2345 4172 2395 4207 se
2424 4154 2765 4210 evolventium

644 4244 844 4316 impetu
884 4255 942 4292 eo
984 4235 1091 4290 loco
1132 4246 1313 4310 ruptae
1358 4236 1451 4291 ubi
1484 4237 1711 4296 adhaesio
1739 4240 1993 4310 obtinuit,
2028 4241 2277 4317 cyathum
2310 4244 2633 4298 constituunt
2659 4261 2770 4297 car-

641 4347 826 4385 nosum
870 4323 1134 4393 biblium,
1169 4343 1292 4379 cum
1333 4323 1565 4400 calyculo
1595 4327 1897 4403 quadrilobo
1924 4339 2147 4405 quatuor
2174 4328 2496 4387 bractearum
2522 4331 2577 4389 in
2602 4330 2776 4407 Piper-e

642 4414 1054 4492 comparandum.
1124 4413 1291 4471 Conf.
1319 4413 1657 4474 characterem
1688 4415 1892 4491 Piperis.
