3153 5134
1463 400 1592 464 483

426 594 1155 674 verruculum-asperulis,
1208 596 1368 657 soliis
1414 599 1653 660 modice
1713 605 2042 683 postulatis,
2105 612 2571 680 membranaceis
2648 625 2651 629 ⁴

426 697 1088 776 pellucido-punctatis‚
1137 701 1421 780 utrinque
1460 703 2272 792 glanduloso-verruculosis,
2313 741 2566 784 nascen-
2602 794 2605 797 Α
2701 743 2708 749 ·

425 799 590 858 tibus
636 802 843 861 subtus
886 803 951 861 in
995 805 1199 862 nervis
1241 806 1570 883 majoribus
1612 828 1795 887 quam
1842 817 2167 877 tenerrime
2214 822 2565 901 puberulis5
2603 803 2627 849 ἕ·

417 903 709 963 citissime
745 906 1057 983 glabratis‚
1097 907 1373 986 oblongis
1414 912 1771 972 acuminatis
1784 958 1802 989 ,
1842 916 1966 975 basi
2005 919 2220 980 leviter
2255 923 2560 1007 inaequali
2591 963 2598 970 ·
2629 937 2638 943 ”

422 1007 869 1067 subrotundatis
913 1009 1010 1069 vel
1058 1011 1478 1086 acutiusculis,
1529 1016 1705 1073 costis
1750 1018 2038 1098 utrinque
2079 1023 2270 1100 5-6,
2310 1031 2562 1092 ament-is

412 1110 767 1188 cylindricis
799 1112 976 1172 rectis
1010 1112 1156 1172 folio
1197 1114 1225 1194 ζ
1262 1114 1668 1193 brevioribus,
1713 1121 2062 1196 peduncnlo
2095 1126 2387 1202 petiolum
2421 1134 2559 1193 sub·

415 1223 747 1290 aequante,
790 1215 1047 1274 bracteis
1086 1216 1609 1296 inflexo-peltatis,
1652 1224 1923 1300 margine
1961 1226 2345 1291 subtilissime
2370 1227 2555 1298 'cilio-

423 1313 585 1388 latis,
628 1317 998 1394 stigmatibus
1032 1319 1070 1377 3
1106 1319 1481 1381 abbreviatis,
2293 1354 2298 1359 ·

493 1418 790 1479 Habitat
818 1421 880 1479 in
911 1421 1163 1482 Peruvia
1194 1423 1528 1485 subandina
1561 1425 1640 1485 ad
1668 1427 1900 1508 Maynas
1929 1430 2236 1513 (Poeppigl
2266 1436 2330 1498 in
2360 1439 2541 1504 Herb.

410 1539 538 1598 reg.
581 1521 706 1581 ber.
750 1531 810 1580 et
848 1524 923 1582 cl.
965 1522 1214 1604 Kunze).
2302 1554 2311 1560 ·

475 1643 647 1696 Rami
688 1654 884 1715 teretes,
928 1648 1120 1715 nodosi,
1157 1649 1347 1717 striati,
1388 1651 1719 1707 subtilissime
1755 1657 2057 1711 verruculosi
2096 1659 2175 1713 vel
2209 1661 2543 1736 subpulveru-

404 1730 559 1794 lenti,
589 1732 1136 1807 ramuli-subglabri‚
1167 1735 1459 1791 internodiis
1489 1744 1633 1794 5-6
1662 1752 1796 1797 cent.
1825 1743 2010 1816 longis,
2041 1746 2183 1801 nodis
2208 1749 2545 1810 tubere-ulato-

395 1817 699 1875 incrassatis.
756 1822 930 1876 Folia
954 1822 1363 1887 membranacea,
1389 1826 1986 1903 pellucido-punctulata,
2015 1852 2166 1906 supra
2185 1835 2312 1891 laete
2336 1840 2542 1912 viridia,

397 1923 673 1977 parumper
709 1907 957 1972 nitidula,
999 1908 1256 1981 glandulis
1293 1914 1625 1969 verruculosis
1661 1917 1851 1990 exiguis
1886 1921 2142 1992 asperula,
2177 1923 2356 1979 subtus
2389 1928 2539 2000 palli-

391 1990 558 2060 diora,
602 1995 841 2062 laeviora,
885 1997 1143 2070 glandulis
1175 1998 1333 2053 fuscis
1370 2002 1446 2056 vel
1480 2003 1640 2076 nigris
1670 2024 1943 2079 parumper
1970 2009 2175 2064 elevatis
2204 2015 2540 2087 punctulata,

394 2084 649 2136 nascentia
687 2085 802 2158 pilis
842 2086 1022 2158 sparsis
1057 2088 1335 2160 perexiguis
1365 2091 1531 2160 (nudo
1564 2092 1711 2146 oculo
1745 2093 2112 2170 invisibilibus)
2141 2100 2539 2160 citissime-deci-

395 2168 512 2224 duis
557 2171 839 2239 instructa,
888 2174 1208 2247 marginibus
1259 2185 1556 2243 extenuata,
1605 2178 1850 2254 oblonga,
1897 2181 2005 2237 basi
2047 2195 2142 2240 aut
2173 2187 2257 2242 vix
2283 2189 2538 2267 inaequali

390 2258 667 2312 rotundata
706 2270 798 2313 aut
842 2260 1003 2333 magis
1039 2261 1292 2335 inaequali
1335 2266 1678 2336 acutiuscula,
1729 2268 2120 2343 inaequilatera,
2161 2275 2304 2350 apice
2340 2281 2536 2335 acumi-

392 2356 539 2413 nata,
575 2350 811 2402 acumine
844 2361 1024 2417 acute,
1062 2355 1279 2404 19-23
1308 2363 1438 2406 cent.
1471 2355 1645 2429 longa,
1680 2362 1854 2428 ’ἒξ-8
1886 2359 2021 2428 lata,
2050 2364 2302 2436 petiolis
2328 2367 2535 2445 subgla-

391 2432 496 2488 bris
534 2435 1204 2505 semitereti—canaliculatis,
1252 2439 1528 2513 aliquando
1567 2443 1938 2515 pulverulentis
1978 2455 2157 2517 1—1}
2199 2464 2330 2510 cent.
2370 2457 2536 2533 longis

386 2519 625 2579 suffulta.
698 2527 739 2578 E
772 2543 919 2578 nervo
951 2526 1118 2581 medio
1149 2527 1392 2602 utrinque
1425 2549 1584 2605 usque
1614 2532 1678 2586 ad
1715 2538 1749 2605 {-
1773 2533 1864 2589 alt.
1899 2541 2043 2593 5—6
2079 2539 2237 2610 (latus
2267 2545 2437 2619 majus
2467 2554 2536 2620 6,

385 2608 562 2663 minus
589 2616 622 2663 5
652 2612 825 2681 babet)
853 2623 1011 2666 costae
1040 2615 1277 2669 oriuntur
1303 2617 1682 2686 adscendentes,
1719 2621 2116 2696 subparallelae‚
2152 2649 2372 2703 quarum
2401 2635 2531 2693 duae

389 2695 601 2751 infimae
639 2699 1002 2754 subtilissimae
1040 2703 1138 2755 cito
1178 2702 1547 2772 delitescentes,
1595 2719 1857 2781 sequentes
1894 2731 2044 2786 supra
2082 2718 2310 2775 medium
2349 2722 2529 2782 folium

390 2784 763 2851 adscendentes,
806 2806 1038 2861 suprema
1075 2788 1138 2843 ad
1171 2791 1391 2863 apicem,
1430 2813 1602 2848 omnes
1635 2800 2028 2855 anastomosibus
2057 2804 2206 2859 rectis
2240 2808 2321 2862 vel
2351 2830 2527 2869 arcua-

390 2871 485 2939 tis,
530 2871 614 2925 vix
651 2873 958 2944 prominulis
986 2874 1217 2947 junctae.
1291 2880 1456 2931 Cestae
1495 2879 1552 2933 in
1592 2883 1775 2955 pagina
1812 2884 1906 2939 inf.
1944 2889 2279 2960 prominentes
2308 2895 2362 2950 in
2399 2899 2527 2956 sicco

383 2962 823 3015 castaneo—fulvae.
898 2962 1150 3036 Stipula
1188 2969 1618 3040 oppositifolia
1658 2973 2192 3049 oblongo-lanceolata,
2235 2985 2525 3056 nervulosa‚

381 3049 637 3117 carinata,
682 3050 975 3124 subglabra,
1022 3058 1091 3118 1}
1123 3066 1264 3129 cent.
1305 3056 1472 3131 longa.
1546 3065 1807 3119 Amenta
1842 3065 2021 3121 leviter
2055 3081 2264 3126 curvata
2303 3074 2382 3128 vel
2421 3095 2525 3131 rec·

386 3140 637 3207 tiuscula,
682 3145 753 3195 10
794 3151 925 3195 cent.
964 3141 1137 3213 longa,
1184 3143 1488 3218 cylindrica,
1535 3152 1606 3219 2}
1642 3169 1771 3206 mm.
1805 3172 1990 3223 crassa,
2026 3155 2084 3211 in
2111 3177 2327 3217 acumen
2352 3164 2523 3220 sterile

385 3238 585 3281 rectum
631 3240 842 3283 acutum
886 3242 922 3301 {-
969 3241 1099 3283 cent.
1149 3230 1253 3286 sere
1297 3234 1508 3307 longum
1545 3238 1718 3293 subito
1759 3244 2062 3313 terminata,
2104 3247 2451 3320 pedunculo
2488 3262 2519 3311 1

381 3326 517 3370 cent.
550 3316 725 3391 longo,
759 3317 960 3390 glabre,
997 3319 1174 3372 striato
1207 3331 1446 3376 sustenta.
1521 3325 1729 3381 Flores
1763 3328 1916 3384 densi.
1995 3336 2280 3391 Bracteae
2309 3338 2518 3396 inflexo-

387 3404 627 3477 peltatae‚
662 3404 1009 3477 pedicellatae,
1039 3406 1497 3481 subtriangulares,
1528 3431 1784 3483 carnosae,
1814 3417 1917 3472 fere
1943 3420 2134 3489 nudae,
2163 3426 2518 3499 verruculosae,

385 3494 701 3566 marginibus
738 3493 1088 3549 fimbriolatae.
1162 3498 1439 3552 Stamina
1478 3504 1543 3565 5,
1586 3501 1862 3557 antheris
1899 3502 2074 3572 fuscis,
2112 3508 2324 3582 exiguis»,
2371 3512 2517 3590 didy-

384 3582 509 3649 mis,
547 3582 723 3636 loculis
757 3582 888 3636 rima
920 3583 1205 3652 hiantibuS‚
1246 3586 1532 3640 connectivo
1556 3588 1831 3660 juniorum
1864 3591 2154 3666 cylindrico.
2227 3602 2516 3660 Ovarium

378 3689 617 3744 parvum,
646 3670 1045 3745 stigmatibus
1074 3676 1108 3726 3
1137 3672 1435 3741 linearibus,
1466 3674 1662 3729 obtusis
1689 3677 1879 3749 patulis
1901 3681 2016 3750 (see.
2049 3700 2122 3755 sp.
2148 3685 2242 3739 nh,
2268 3690 2340 3742 De
2362 3694 2514 3763 less.)

462 3826 675 3884 Forma
716 3826 1028 3906 laevigata.
1108 3826 1343 3888 Statura
1378 3831 1583 3907 paullo
1620 3833 1833 3894 minor.
1918 3834 2285 3901 Verrueulae
2319 3844 2383 3904 in
2418 3868 2511 3908 ra-

384 3929 567 3987 mulis
605 3936 667 3987 et
704 3927 865 3986 foliis
904 3928 1135 3987 desunt.

464 4030 756 4090 Habitat
799 4030 876 4088 ad
915 4030 1143 4090 flumen
1185 4033 1548 4096 Amazonum
1589 4037 1904 4119 (Poeppigl
1943 4062 2001 4100 n.
2043 4042 2199 4105 1037
2234 4047 2296 4106 in
2331 4049 2506 4118 Herb.

381 4154 507 4212 reg.
548 4134 672 4193 ber.
714 4142 777 4194 et
814 4134 897 4193 De
938 4131 1118 4213 Less)

469 4302 603 4363 123.
685 4305 1061 4362 Art-anthe
1101 4306 1623 4366 tuchonem-a.
1671 4307 1940 4369 Ramulis
1979 4312 2216 4389 petiolis
2231 4266 2510 4402 foliisque

374 4407 589 4467 subtus
630 4405 697 4465 in
742 4406 943 4466 nervis
974 4407 1336 4485 venulisque
1368 4408 1647 4469 omnibus
1682 4415 2234 4494 tomentum-hirtis,
2276 4420 2370 4481 his
2398 4446 2508 4488 eo-

2026 4518 2074 4553 ⁸1
2099 4522 2129 4553 Ἀ·
