3153 5134
1441 375 1601 436 531·

408 575 850 648 subepunctulatis
892 573 1129 645 elliptieis
1160 571 1407 644 utrinque
1436 569 1692 624 subacutis
1710 609 1727 636 ,
1764 569 1947 625 subtus
1975 571 2028 625 in
2059 573 2226 626 nervis
2260 575 2542 647 parcissime

405 664 628 737 pilosulis
663 662 863 718 differre
898 662 1115 717 videtur.
1860 654 1865 663 ’

511 826 642 889 178.
759 827 1133 884 Artanthe
1225 825 1799 895 peduncularis.
1912 823 1989 882 A.
2077 823 2531 906 Schomhurgkii

411 929 729 988 Klotzsch!
787 930 921 988 Mas.
1005 925 1273 985 Ramulis
1327 944 1446 982 uno
1497 923 1683 982 latere
1715 923 2126 985 canaliculatis
2155 926 2322 987 fusce
2354 930 2532 1006 glan-

411 1031 649 1107 dulosis‘
685 1030 1060 1089 nascentibus
1089 1026 1323 1107 petiolis
1352 1026 1832 1105 pedunculisque
1856 1048 2052 1105 sparse
2081 1028 2534 1109 hiaena-pube-

407 1134 587 1209 ruliS‚
632 1134 792 1193 soliis
835 1131 1303 1192 membranaceis
1351 1128 2010 1208 pellucido-punctalis,
2050 1132 2336 1210 utrinque
2367 1135 2534 1212 glan-

403 1237 657 1313 dulosi8‚
699 1235 1204 1312 ovato-oblongis,
1244 1234 1368 1291 basi
1406 1233 1756 1309 subaequali
1805 1233 2124 1293 rotundata
2158 1235 2371 1296 leviter
2404 1257 2533 1298 coi·-

404 1340 589 1412 datis,
635 1361 834 1400 versus
870 1340 1100 1417 apicem
1138 1337 1353 1397 sensim
1390 1337 2108 1412 attenuato-acuminatis,
2152 1339 2321 1417 apice
2353 1341 2526 1401 obtu-

399 1443 658 1502 siusculo
724 1444 1186 1502 submucronato
1208 1484 1222 1511 ,
1286 1438 1633 1517 junioribus
1708 1439 2077 1516 marginibus
2146 1443 2526 1506 subtilissime

400 1547 647 1619 ciliafis,
703 1546 966 1604 tenuiter
1011 1542 1347 1617 costulatis‚
1397 1541 1636 1620 petiolis
1665 1542 1916 1620 -stipulis
1959 1543 2191 1603 adnatis
2228 1545 2357 1606 sere
2392 1549 2531 1608 totis

401 1647 1078 1720 membranaceo-alatis,
1131 1646 1384 1705 amentis
1425 1646 1486 1702 in
1537 1644 1784 1703 ramulis
1829 1645 2203 1723 millai-ibus,
2245 1648 2392 1710 folio
2425 1672 2531 1712 su-

396 1772 605 1831 premo
639 1751 919 1829 oppositis
952 1750 1127 1828 longe
1161 1748 1595 1827 pedunculatis‚
1629 1748 1975 1826 pedunculo
2007 1751 2143 1828 plus
2175 1752 2364 1831 duplo
2398 1754 2527 1814 bre·

397 1855 664 1916 vioribus
696 1854 1071 1934 cylindricis‚
1112 1852 1377 1912 antheris
1409 1852 1576 1929 apice
1613 1851 1994 1928 glandulosis.

478 1959 770 2019 Habitat
815 1958 880 2016 in
927 1958 1172 2037 Guyana
1212 1955 1445 2032 anglica
1493 1954 1568 2013 ad
1606 1955 2017 2016 Aiwassawata
2054 1955 2523 2038 (Schomburgkl

395 2082 455 2121 n.
491 2062 612 2122 696
645 2061 709 2119 in
752 2061 925 2121 Herb.
960 2059 1046 2119 De
1081 2060 1231 2119 Less.
1267 2066 1329 2117 et
1364 2058 1429 2115 in
1466 2058 1644 2117 Herb.
1681 2077 1804 2135 reg.
1842 2057 2056 2138 berol.)

461 2187 654 2259 Species
687 2184 870 2239 habitu
905 2184 1146 2257 singulari
1179 2182 1244 2237 ob
1274 2181 1479 2255 petiolos
1509 2181 1667 2235 alatos
1698 2191 1752 2235 et
1781 2194 1986 2237 amenta
2017 2182 2162 2257 longe
2191 2185 2531 2258 pedunculata

391 2275 620 2348 insignis,
693 2278 881 2327 Frutex
910 2272 1147 2339 humilis,
1180 2290 1325 2345 parce
1354 2290 1594 2324 ramosnS.
1668 2273 1894 2324 Ramns
1924 2270 2121 2324 inferne
2150 2272 2530 2341 teretiusculuS,

386 2363 601 2418 obsolete
646 2363 877 2427 striatas,
924 2361 1205 2425 nitidulus,
1245 2360 1476 2419 nodosus,
1526 2377 1740 2430 superne
1780 2357 2194 2429 anguloso-teres,
2238 2379 2338 2413 uno
2375 2361 2529 2413 latere

387 2451 633 2516 sulcatus,
662 2449 859 2522 glaber,
893 2448 1149 2520 glandulis
1177 2447 1325 2500 fuscis
1355 2445 1560 2499 elevatis
1590 2445 1654 2498 ad
1685 2444 1876 2498 lentem
1907 2464 2218 2518 conspersus,
2250 2448 2524 2512 nitidulus,

383 2539 674 2605 striulatus3
707 2537 996 2592 internodiis
1027 2536 1226 2590 circiter
1257 2538 1400 2588 2-6
1444 2544 1578 2589 cent.
1609 2534 1792 2606 longis,
1824 2534 2050 2589 ramuli
2084 2534 2340 2607 glandulis
2372 2534 2524 2591 fuscis

385 2627 561 2680 nitidis
594 2625 689 2678 l'ere
720 2624 884 2678 aureis
914 2623 1108 2688 vestiti,
1142 2631 1393 2675 nascentes
1425 2622 1604 2693 sparsis
1638 2622 1758 2694 pilis
1791 2623 2047 2676 instructi.
2128 2623 2297 2676 Folia
2322 2624 2522 2696 patula,

384 2714 790 2781 membranacea,
832 2713 1075 2784 utrinque
1108 2707 1317 2781 glabra,
1354 2708 1439 2761 sed
1470 2707 1729 2781 glandulis
1759 2707 1911 2762 fuscis
1941 2708 2113 2762 nitidis
2141 2707 2347 2762 elevatis
2375 2710 2523 2765 dense

384 2822 641 2876 conspersa
673 2813 727 2856 et
756 2800 876 2855 hinc
906 2798 1446 2873 pellucido-punctam,
1483 2814 1632 2868 supra
1664 2795 1791 2848 laete
1827 2795 2006 2849 viridia
2038 2796 2367 2865 subobscura,
2404 2799 2521 2853 sub·

386 2901 471 2945 tus
497 2888 1112 2960 subluscescenti-glauca.
1135 2884 1341 2959 juniora
1371 2882 1685 2956 marginibus
1714 2883 2039 2937 subtilissime
2066 2883 2306 2950 ciliolata,
2336 2886 2522 2958 petio-

387 2976 468 3031 lis
504 2983 678 3050 1—1-3-
715 2987 843 3031 cent.
882 2977 1043 3049 longis
1079 2974 1389 3047 glandulosis
1413 2971 1711 3046 junioribus
1741 2971 2028 3044 puberulis,
2068 2974 2382 3044 marginibus
2414 2974 2518 3029 sere

386 3085 546 3139 nsque
571 3064 632 3118 ad
662 3065 852 3137 apicem
882 3063 1125 3136 utrinque
1149 3061 1382 3134 stipula
1398 3061 1603 3133 juniore
1632 3059 1801 3114 ciliata
1828 3060 2035 3113 demum
2061 3060 2237 3133 glabra
2262 3061 2521 3118 herbaceo-

387 3154 794 3218 membranacea,
839 3152 1160 3224 persistente?
1204 3148 1381 3215 alati3‚
1427 3147 1670 3213 suffulta,
1716 3147 2097 3219 ovato-oblonga
2133 3149 2212 3203 vel
2242 3151 2521 3206 ovato-lan-

384 3242 599 3308 ceolata,
629 3239 1055 3314 subaequilatcra,
1087 3237 1193 3292 basi
1222 3237 1496 3291 rotundata
1524 3234 1750 3309 aequali,
1781 3234 1833 3287 in
1867 3235 2083 3289 summis
2114 3235 2365 3311 inaequali
2394 3238 2517 3293 levi·

386 3341 466 3386 ter
494 3329 815 3385 subcordata.
847 3347 1015 3382 versus
1046 3328 1236 3399 apicem
1268 3326 1447 3380 sensim
1479 3322 2075 3390 attenuato-acuminata,
2104 3326 2336 3379 acumine
2369 3326 2517 3381 obtu-

384 3419 610 3474 siusculo
632 3418 1042 3483 submucronato,
1072 3414 1384 3488 marginibus
1411 3414 1493 3467 vix
1520 3413 1718 3486 aliquid
1750 3412 2002 3476 revoluta,
2036 3419 2349 3479 7ξ-8ὲ-9
2384 3425 2518 3472 cent.

381 3507 556 3580 longa,
604 3512 783 3577 3—3}
822 3505 996 3579 paullo
1027 3523 1178 3577 supra
1208 3504 1348 3556 basin
1381 3502 1509 3569 lata3
1544 3521 1571 3554 e
1601 3520 1753 3554 nervo
1787 3501 1952 3553 medio
1984 3513 2300 3572 percurrente
2328 3504 2515 3560 subtus

381 3595 671 3669 prominulo
713 3595 956 3669 utrinque
996 3597 1126 3648 4--5
1166 3590 1388 3645 costulae
1430 3600 1606 3643 tenues
1644 3586 1877 3661 patulae,
1923 3587 2037 3641 dein
2079 3588 2427 3646 adscendentes
2464 3602 2518 3647 et

376 3704 628 3753 ramosae,
675 3685 901 3758 aliaeque
938 3680 1299 3736 subtilissimae
1336 3679 1604 3744 oriuntur,
1639 3696 1862 3750 quarum
1896 3675 2043 3730 nulla
2081 3678 2143 3730 ad
2181 3681 2372 3752 apicem
2404 3691 2515 3754 per-

377 3774 570 3841 currit,
615 3774 696 3827 sed
733 3793 838 3826 una
874 3770 1043 3845 paullo
1079 3789 1232 3842 supra
1266 3767 1404 3821 basin
1438 3776 1549 3821 orta
1584 3764 1793 3838 reliquis
1823 3763 1999 3837 paullo
2033 3764 2244 3819 validior
2274 3778 2324 3821 et
2355 3770 2515 3842 magis

379 3862 860 3936 perpendiculariter
883 3860 944 3914 ad
979 3864 1008 3928 ξ
1038 3859 1132 3913 alt.
1162 3855 1435 3911 adscendit.
1498 3860 1539 3909 E
1568 3853 1767 3907 ramulo
1795 3852 1993 3906 axillari
2021 3852 2162 3907 brevi
2193 3856 2515 3929 monophyllo

381 3960 694 4006 amentum
733 3950 843 4022 ejus
880 3946 996 4000 folio
1034 3945 1318 4018 oppositum
1361 3942 1480 3997 hinc
1520 3943 1666 4017 quasi
1708 3942 1999 4008 terminale,
2039 3941 2198 3995 simul
2234 3962 2355 3997 cum
2391 3944 2512 3999 folio

376 4049 584 4111 patens,
631 4035 979 4112 pedunculo
1016 4043 1151 4086 recto
1187 4031 1419 4086 filil'ormi
1452 4049 1656 4084 sursum
1691 4030 1991 4094 incrassato,
2029 4027 2514 4101 subpatulowetrose

375 4126 602 4193 birtello,
628 4130 808 4200 23—:3
843 4132 977 4177 oent.
1011 4121 1159 4193 longo
1186 4129 1498 4185 sustentum,
1533 4125 1602 4186 1}
1630 4127 1762 4171 cent.
1794 4117 2001 4190 longum
2036 4128 2235 4170 rectum
2267 4117 2512 4190 cylindri-

378 4235 502 4270 cum
541 4221 614 4287 1}
653 4234 783 4270 mm.
824 4229 1046 4266 crassum
1086 4219 1332 4275 acutum,
1373 4209 1429 4261 in
1465 4218 1635 4261 nostro
1671 4206 1753 4260 vix
1789 4205 1983 4259 florens.
2059 4210 2344 4259 Bracteae
2378 4208 2513 4262 inter

376 4304 616 4360 antheras
639 4304 747 4357 fere
776 4300 989 4355 latentes
1015 4295 1528 4369 inflexo-subpeltatae
1556 4292 1909 4367 glandulosae,
1939 4292 2251 4366 marginibus
2279 4294 2507 4351 fimbria-

375 4404 488 4463 tae,
534 4392 619 4449 sed
657 4408 801 4464 aegoe
836 4386 1194 4445 discemendae.
1268 4383 1579 4450 Stamina,
1618 4402 1684 4436 an
1728 4380 1890 4452 trial),
1929 4383 2093 4435 orario
2127 4381 2509 4458 circumposita,

2006 4476 2096 4513 si*
