3153 5134
1467 391 1549 451 37

421 594 633 662 multo
664 592 1041 683 perfectiora
1078 605 1145 660 et
1188 591 1538 684 composita
1575 593 1674 662 vix
1722 593 1806 658 inw
1836 614 2099 660 censum
2134 594 2424 662 vocanda
2458 592 2553 659 vi-

433 715 734 782 deantur.
1619 700 1627 708 ’

490 906 495 909 ,
518 839 582 902 3.
640 831 1030 901 Aroideas
1059 832 1349 922 analogia
1377 832 1592 923 potius
1623 854 1818 922 quam
1840 832 2236 923 singularum
2264 831 2549 923 partium

422 954 841 1044 congruentia
901 976 1053 1020 cum
1131 952 1478 1042 Piperaceis
1537 951 2002 1043 comparandas
2062 973 2191 1018 esse
2207 1001 2225 1032 ‚
2289 950 2543 1019 nullum

421 1074 580 1141 mihi
608 1072 886 1140 dubium
915 1086 1030 1140 est.
1094 1071 1366 1139 Habitus
1392 1073 1712 1162 quaedam
1740 1072 1932 1140 fallax
1957 1069 2311 1140 similitudo
2335 1071 2542 1161 prima

410 1217 604 1262 causa
651 1193 836 1261 fuisse
883 1193 1142 1261 videtur
1176 1217 1493 1260 nmmum
1530 1193 1767 1285 Piperis
1795 1216 2001 1286 genus
2026 1191 2313 1260 Aroideis
2344 1192 2543 1259 affine

413 1314 770 1383 credidisse.
862 1317 1029 1381 Haec
1071 1327 1288 1382 autem
1325 1327 1546 1383 nostro
1582 1328 1872 1406 tempore
1913 1314 2004 1382 ita
2037 1315 2259 1381 saltem
2294 1312 2539 1380 intelli—

412 1434 626 1525 genda
674 1435 927 1502 videtur
943 1486 961 1515 ,
1008 1448 1086 1501 ut
1136 1435 1189 1501 si
1228 1435 1865 1526 Monocotyledoneas
1908 1448 1979 1502 et
2008 1434 2163 1502 Dico
2171 1433 2542 1525 tyledoneas

412 1556 772 1623 secundum
812 1555 972 1621 duas
1001 1554 1197 1621 lineas
1230 1532 1558 1645 paraUelas
1589 1578 1656 1622 se
1688 1555 1916 1622 nullibi
1951 1567 2283 1645 tangentes
2317 1553 2537 1644 dispo-

402 1675 559 1742 sitas
589 1674 712 1741 tibi
741 1675 978 1765 fingas,
1013 1673 1323 1741 Aroideae
1354 1688 1420 1741 et
1449 1674 1822 1763 Piperaceae
1848 1675 2121 1766 analogo
2141 1673 2253 1741 sed
2284 1687 2534 1742 remoto

405 1820 446 1862 a
478 1816 545 1864 se
577 1795 848 1863 invicem
880 1794 1025 1863 loco
1054 1794 1502 1862 inscribendae
1532 1808 1762 1865 essent.

999 2038 1422 2103 Distributio
1455 2006 1933 2127 geographico.

498 2284 557 2346 1.
603 2277 974 2366 Piperaceae
1022 2291 1174 2345 sunt
1222 2277 1479 2368 plantae
1522 2276 1837 2367 tropicae,
1884 2276 2082 2343 rarius
2117 2277 2523 2367 subtropicae

396 2420 667 2487 quarum
721 2396 1030 2464 maximus
1080 2419 1382 2464 numerus
1412 2397 1482 2462 iu
1516 2397 1807 2464 America
1841 2395 2084 2465 fervida
2120 2396 2291 2464 inter
2317 2398 2520 2487 capri-

394 2538 666 2588 cornum
698 2531 766 2586 et
802 2521 917 2587 28⁰
945 2520 1012 2585 L.
1043 2520 1112 2585 Β.
1145 2530 1512 2609 generatur.

487 2761 551 2826 2.
598 2761 676 2829 In
735 2756 998 2825 vallibus
1044 2773 1112 2825 et
1155 2758 1341 2846 juxta
1387 2756 1730 2824 fluviorum
1781 2756 1948 2845 ripas
1999 2755 2395 2847 Pipereae‚
2447 2759 2517 2824 in

393 2878 583 2971 sylvis
611 2893 677 2946 et
708 2879 860 2948 locis
889 2877 1203 2946 umbrosis
1243 2877 1339 2944 vel
1375 2875 1660 2943 humidis
1709 2877 2247 2967 Peperomieae
2297 2878 2512 2969 copio-

394 2999 698 3080 sissimae,
761 3013 829 3066 et
875 2998 996 3067 hae
1039 3022 1227 3089 supra
1290 2998 1547 3066 arbores
1594 3011 1662 3064 et
1707 3020 1895 3087 rupes
1928 2996 2105 3064 haud
2144 3021 2287 3066 raro
2331 3022 2515 3089 pseu-

393 3119 882 3209 do·parasiticae
930 3120 999 3185 in
1049 3116 1382 3186 montibus
1431 3130 1759 3185 rarescunt
1778 3169 1796 3198 ,
1857 3117 1944 3184 ad
1998 3140 2276 3206 quorum
2329 3142 2517 3188 cacu-

390 3239 565 3306 mina
608 3239 930 3329 quaedam
991 3238 1214 3307 saltem
1274 3238 1834 3330 Peperomieae
1894 3237 2326 3308 herbaceae
2387 3241 2512 3307 ad-

390 3358 734 3427 scendunt.

483 3604 546 3667 3.
591 3599 857 3683 Quaevis
885 3599 1061 3667 Flora
1098 3599 1402 3667 naturalis
1433 3600 1852 3691 intertropica
1884 3602 2010 3668 suis
2039 3603 2365 3693 speciebus
2398 3603 2509 3671 in-

374 3718 617 3811 ·ffl'gnita
675 3734 773 3787 est
833 3733 901 3787 et
954 3720 1146 3787 cuivis
1195 3721 1562 3788 continenti
1614 3744 1728 3788 sua
1779 3722 1917 3789 fere
1961 3745 2198 3813 genera
2253 3726 2509 3817 propria

388 3854 562 3908 sunt.
654 3841 1161 3930 Piperearum
1211 3864 1446 3932 genera
1497 3841 1561 3908 in
1602 3864 1769 3910 novo
1802 3856 1871 3909 et
1902 3845 2171 3934 antiquo
2206 3847 2366 3914 Orbi
2401 3848 2510 3915 di-

386 3982 587 4041 versa,
625 3960 1303 4051 Peperomiearum
1348 3975 1610 4031 tantum
1639 3986 1841 4053 genus
1880 3965 2328 4054 Peperomia
2363 3990 2506 4034 am·-

381 4081 763 4173 phigaeum‚
800 4081 869 4147 in
901 4080 1120 4171 quovis
1154 4082 1534 4149 continente
1567 4106 1682 4151 suo
1718 4083 2070 4174 specierum
2120 4084 2503 4153 diversarum

374 4199 691 4270 ,distincto
742 4202 998 4294 agmine
1045 4201 1472 4269 constitutum
1492 4252 1510 4283 ‚
1557 4203 1750 4270 unica
1797 4201 2056 4270 tantum
2094 4217 2235 4270 tum
2281 4206 2505 4274 Tribus

380 4336 523 4389 tum
545 4319 1030 4412 ordinisspecie,
1063 4322 1517 4411 Peperomia
1553 4323 1879 4404 reflexa,
1913 4346 2054 4391 vere
2084 4325 2459 4418 amphigaca
2486 4381 2502 4407 ,
