3153 5134
1591 365 1721 427 200

589 566 931 643 stigmate
957 562 1168 623 conico
1201 560 1459 621 discreto
1488 562 1782 641 papilloso
1812 561 2216 643 (latescente).
2297 561 2487 624 Bacc
2500 583 2581 624 ae
2615 584 2729 626 ex·
2759 594 2766 601 ·

586 686 802 728 suceae
836 666 1145 744 elongatae
1161 664 1360 724 laeves
1388 665 1631 725 bractea
1667 674 1731 725 et
1763 665 2089 725 staminum
2124 665 2490 726 rudimentis
2505 668 2727 745 persis-

587 770 858 831 tentibus
887 769 1153 847 stipatae.
1188 797 1268 813 —
1302 769 1503 829 Herba
1535 770 1847 828 mea-icam
1865 813 1883 844 ,
1922 769 2200 845 humilis,
2226 770 2415 848 soliis
2448 771 2731 830 radicali-

593 875 702 932 lms
739 872 1081 932 lanceolata}
1104 872 1507 950 penniveniis.
1602 871 1804 930 Genus
1835 890 1909 930 ex
1940 866 2155 931 habitu
2187 872 2487 951 peculiari
2496 873 2516 948 3
2556 872 2756 937 infla-x

596 974 889 1034 rescentia
907 1018 925 1048 ‚
960 971 1251 1048 stigmatis
1282 969 1488 1032 indole
1520 979 1582 1030 et
1612 973 1833 1031 baccae
1867 972 2063 1033 forma
2096 993 2129 1033 a
2156 972 2544 1053 Peperomiae
2587 982 2728 1035 sect.

600 1075 981 1155 Mieropiperi
1021 1073 1178 1133 forte
1226 1073 1413 1133 nimis
1454 1074 1852 1136 artificialiter
1888 1085 2250 1156 separatum.

680 1283 735 1343 1.
805 1285 1149 1341 Erasmla
1189 1284 1619 1343 floribunda
1663 1281 1809 1360 Miq.
1861 1282 1900 1342 Ι.
1946 1303 1999 1342 c.
2080 1281 2256 1358 Foliis
2290 1283 2636 1343 lanceolatis
2669 1283 2734 1342 in

602 1385 897 1463 petiolum
926 1384 1246 1443 attenuatis
1276 1382 1778 1460 membranaceis,
1808 1383 2220 1463 penniveniis,
2255 1384 2357 1445 vix'
2393 1385 2734 1463 puberulis,

606 1487 861 1547 amentis
896 1486 1272 1565 paniculatiS.

684 1590 983 1649 Habitat
1020 1589 1086 1647 in
1111 1589 1320 1666 Regno
1353 1588 1668 1648 mexicano
1697 1587 1756 1667 (a
1808 1587 1895 1648 Cl.
1941 1586 2139 1648 Kiekx
2180 1587 2737 1667 communicatum).

672 1711 871 1766 Herba?
944 1711 1149 1766 Caulis
1181 1711 1334 1766 laevis
1364 1710 1689 1766 brevissimus
1720 1711 1823 1765 dua
1856 1709 2009 1767 folia
2035 1711 2134 1767 sert
2162 1712 2464 1781 lanoeolata,
2497 1712 2606 1767 basi
2635 1730 2744 1767 sen-

603 1798 715 1859 sim,
734 1799 790 1851 in
818 1797 1066 1871 petiolum
1097 1808 1385 1866 attenuata,
1423 1799 1480 1853 in
1521 1799 1650 1854 sicco
1673 1798 2087 1868 membranacea,
2124 1801 2350 1874 margine
2367 1799 2464 1863 *hic
2492 1801 2601 1856 illie
2632 1802 2748 1856 irre-

604 1885 854 1959 gulariter
896 1895 949 1939 et
982 1885 1334 1940 obsoletissime
1363 1897 1661 1954 extenuata,
1696 1886 1836 1941 brevi
1868 1887 2189 1955 acuminata,
2220 1906 2372 1942 nervo
2400 1887 2568 1941 medio
2595 1906 2753 1943 crasso

602 1973 845 2046 utrinque
875 1976 1059 2027 9—-10
1091 1983 1249 2036 costas
1279 1973 1594 2049 costulasque
1624 1973 1749 2028 alias
1776 1972 1995 2027 minores
2023 1973 2312 2041 emittente,
2350 1992 2479 2047 quae
2503 1973 2749 2028 arcuatim

606 2068 658 2112 ct
686 2057 999 2113 subflexuose
1030 2078 1232 2113 sursum
1265 2060 1562 2134 diriguntur
1595 2061 1905 2116 tenuissimis
1935 2060 2332 2116 anastomosibus
2367 2062 2502 2115 inter
2528 2080 2580 2115 se
2609 2079 2755 2133 paroc

609 2146 908 2219 conjunctae
950 2165 1103 2219 prope
1163 2147 1446 2220 marginem
1506 2147 1826 2203 delitescunt.
1925 2152 2274 2203 Anastomoses
2334 2149 2391 2202 in
2448 2148 2616 2202 media
2674 2149 2746 2203 la·

608 2232 751 2285 mina
794 2231 1091 2307 polygonae,
1135 2252 1286 2306 prope
1316 2234 1600 2307 marginem
1636 2236 1809 2310 potius
1842 2244 2152 2309 tetragonae.
2223 2240 2428 2310 Propter
2461 2254 2752 2309 compagem

610 2314 1009 2392 transparentem
1076 2338 1345 2374 numerosa
1408 2331 1629 2376 stomata
1665 2356 1668 2359 -
1696 2323 1860 2378 variae
1924 2322 2299 2396 magnitudinis
2361 2322 2511 2377 facile
2572 2322 2752 2377 distin-

611 2417 864 2484 guuntur.
933 2404 1230 2478 Superficies
1283 2404 1458 2478 glabra
1503 2406 1585 2461 vel
1620 2425 1776 2481 quam
1814 2407 2122 2483 sparsissime
2159 2408 2223 2461 ad
2261 2407 2450 2462 lentem
2486 2407 2751 2481 puber-ula.

610 2496 797 2571 Pagina
858 2493 1067 2549 inferior
1134 2493 1189 2546 in
1240 2492 1368 2547 sicco
1421 2494 1761 2566 glaucescens‚
1829 2495 1967 2550 nervi
2019 2495 2445 2563 sublutescentes3
2497 2497 2754 2571 adspectus

612 2583 977 2657 sublepidotus.
1049 2581 1290 2636 Folium
1337 2582 1625 2636 maximum
1669 2587 1741 2639 22
1788 2594 1920 2638 cent.
1962 2582 2202 2657 longum,
2252 2603 2472 2657 quorum
2515 2588 2550 2638 4
2601 2584 2752 2657 petio-

612 2672 695 2726 lus
742 2689 828 2726 seu
878 2669 1100 2724 laminae
1146 2687 1262 2742 pars
1308 2668 1364 2722 in
1410 2668 1660 2742 petiolum
1713 2680 1974 2725 attenuata
2002 2669 2174 2744 habet.
2233 2669 2471 2724 Latitndo
2503 2669 2561 2723 in
2589 2669 2756 2723 medio

619 2760 843 2813 maxima
883 2763 916 2813 4
960 2766 1097 2813 cent.
1133 2788 1203 2795 —
1244 2755 1719 2811 Inflorcscentia
1757 2776 1786 2810 e
1821 2756 1932 2812 basi
1967 2757 2156 2821 caulis,
2205 2756 2307 2811 fere
2342 2761 2413 2813 25
2453 2767 2587 2812 cent.
2624 2756 2754 2824 alta,

617 2844 953 2900 decumbens?
982 2842 1326 2916 pedunculo
1347 2843 1793 2919 pedicellisque
1815 2843 2003 2917 glabris
2031 2843 2254 2899 laevibus
2285 2844 2608 2899 succulentis.
2678 2846 2752 2897 Ex

617 2934 695 2987 axi
724 2932 986 2987 communi
1011 2931 1067 2984 in
1096 2939 1360 2984 amentum
1391 2930 1667 2985 terminato
1694 2931 1849 2985 rami
1876 2932 2095 3005 oppositi*
2112 2930 2487 2985 horizontaliter
2510 2931 2760 3005 prodeunt

620 3032 755 3090 octo,
793 3021 869 3074 ita
904 3029 966 3073 ut
1002 3038 1183 3072 novem
1221 3027 1460 3072 amenta
1498 3017 1681 3073 adsint.
1756 3018 1957 3092 Singuli
1986 3018 2119 3091 paris
2150 3036 2314 3071 unum
2346 3028 2615 3072 amentum
2644 3017 2756 3072 lon·

622 3108 737 3181 gius
775 3117 828 3161 et
857 3104 1052 3177 longius
1082 3103 1485 3176 pedunculatum
1512 3123 1570 3158 ac
1600 3105 1842 3160 alterum.
1917 3105 1995 3158 Ad
2025 3103 2168 3157 basin
2197 3103 2390 3175 singuli
2419 3105 2551 3157 rami
2583 3123 2757 3159 amen-

626 3194 768 3247 tiseri
811 3192 1020 3245 cicatrix
1062 3210 1091 3245 e
1130 3189 1250 3245 folio
1290 3190 1371 3244 vel
1414 3189 1614 3245 bractea
1659 3192 1896 3265 delapsi33
1941 3189 2006 3243 ad
2042 3189 2197 3242 unius
2225 3188 2369 3243 basin
2406 3199 2560 3243 restat
2594 3190 2761 3246 adhuc

624 3282 830 3336 bractea
880 3278 1181 3346 lanceolata,
1241 3278 1423 3347 laevis,
1485 3284 1518 3334 4
1579 3299 1708 3335 mm.
1752 3280 1917 3351 longa.
2005 3282 2262 3330 Amenta
2299 3294 2420 3329 cnm
2462 3276 2762 3351 pedunculis

628 3367 865 3422 brevibus
908 3369 1087 3419 6-12
1116 3374 1248 3420 oent.
1276 3364 1451 3438 longa,
1484 3366 1777 3434 filiformia,
1806 3363 2037 3419 inferiora
2064 3364 2202 3436 prius
2230 3363 2484 3419 florentia.
2557 3365 2764 3421 Flores

629 3454 929 3522 subremoti,
973 3454 1224 3527 spiraliter
1254 3452 1476 3526 dispositi
1490 3492 1507 3521 ,
1541 3455 1627 3509 sed
1660 3455 1735 3509 ita
1769 3463 1829 3509 ut
1858 3452 2057 3510 laterali
2086 3451 2359 3507 directione
2388 3451 2505 3525 plus
2535 3452 2763 3527 approxi-

627 3543 755 3597 mati
796 3543 900 3596 sint
938 3562 1094 3617 quam
1134 3540 1512 3615 longitudinali.
1585 3547 1659 3596 Br
1670 3552 1840 3597 actea
1883 3537 2512 3612 subrotundato-elliptica,
2563 3558 2765 3594 sursum

632 3631 753 3705 plns
781 3639 1044 3685 attenuata
1070 3649 1228 3705 quam
1254 3627 1389 3696 basi,
1412 3626 1593 3696 laeviS‚
1611 3630 1667 3683 in
1696 3630 1825 3684 sicco
1850 3628 2215 3699 fusculo-nigra
2245 3626 2473 3699 margine
2500 3635 2767 3682 extenuato

631 3716 952 3791 pallescente,
979 3717 1212 3789 peltatim
1240 3719 1412 3791 affixa,
1441 3716 1757 3789 marginibus
1784 3713 2038 3789 imprimis
2057 3713 2120 3767 ad
2142 3712 2286 3766 basin
2307 3722 2361 3767 et
2378 3712 2572 3786 apicem
2593 3712 2768 3766 leviter

629 3803 931 3872 retroflexi83
977 3808 1010 3868 ἑ-
1052 3805 1249 3859 circiter
1295 3826 1424 3862 mm.
1471 3806 1650 3875 longa,
1692 3802 1776 3855 vix
1811 3801 1949 3855 nudo
1975 3798 2118 3853 oculo
2145 3798 2427 3871 conspicua.
2484 3798 2767 3853 Stamina

633 3891 738 3946 duo
778 3889 1003 3944 lateralia
1019 3929 1036 3957 ‚
1080 3892 1427 3947 filamentis
1473 3888 1813 3945 crassiusculis
1854 3885 2092 3941 brevibus
2126 3885 2391 3959 (antherae
2426 3886 2769 3960 longitudine)

636 3980 855 4037 breviter
897 3978 1077 4033 saltem
1125 3980 1221 4035 sub
1267 3979 1468 4034 bractea
1517 3974 1909 4048 emergentibus.
2004 3973 2309 4029 Antherae
2367 3973 2771 4029 luteo-decolores

635 4065 976 4133 bilocellatac,
1020 4066 1228 4120 sacculis
1269 4065 1522 4120 nimirum
1566 4061 2005 4135 subsemiglobosis
2048 4062 2211 4117 antice
2239 4062 2347 4116 fere
2375 4061 2494 4116 totis
2521 4062 2770 4127 discretis,

636 4157 770 4209 rima
798 4153 1156 4224 longitudinali
1189 4151 1555 4207 dehiscentibus
1587 4151 1661 4205 ita
1693 4160 1755 4205 ut
1783 4151 2086 4225 complanati
2122 4149 2305 4205 sacculi
2334 4147 2549 4202 evadant
2579 4157 2634 4200 et
2666 4147 2769 4219 pel-

638 4253 745 4298 tam
799 4239 1068 4294 exhibeant
1113 4240 1298 4314 postico
1324 4238 1721 4306 snbconcavam‚
1757 4240 1924 4294 antioc
1954 4236 2404 4294 convexiusculam.
2483 4234 2768 4290 orarium

637 4328 914 4400 oblongum
981 4336 1452 4401 crccteapprcssum
1471 4366 1490 4397 ‚
1555 4328 1776 4385 stamina
1838 4338 1890 4385 et
1934 4328 2185 4383 bracteam
2237 4323 2499 4381 multoties
2542 4340 2778 4397 superans
