3153 5134
1510 296 1602 391 24⁹,

473 537 774 632 calyculo
824 528 1349 627 quadrilcb'ulnto
1362 579 1380 615 ‚
1431 556 1471 603 e
1513 526 1813 603 bracteae
1844 534 2134 627 propriae
2167 536 2347 629 apice
2363 590 2382 622 ,
2428 556 2621 634 supe-

469 660 652 729 rioris
701 658 831 727 husi
872 671 952 726 et
1000 654 1394 748 marginibus
1455 654 1816 724 lateralium
1877 656 2025 747 plus
2084 655 2299 725 minus
2360 659 2614 729 elevatis

466 774 750 851 formato
797 778 1076 847 inclusus
1126 776 1228 846 sit.
1319 777 1399 845 In
1448 779 1506 842 Μ
1523 777 1608 847 ul
1627 777 1673 843 d
1689 799 1728 844 e
1744 800 1828 847 ra
1879 778 2070 846 flores
2111 801 2150 846 e
2181 778 2449 870 gibbere
2483 777 2614 872 pri-

400 899 427 916 ‘
470 922 657 969 mum
707 900 971 970 omnino
1023 898 1237 965 clauso
1285 895 1441 964 dein
1495 910 1840 965 transverse
1901 910 2097 987 rupto
2169 912 2239 966 et
2305 899 2377 965 in
2452 923 2613 992 cya-

473 1023 664 1090 thum
699 1020 988 1090 bilobum
1041 1031 1297 1086 mutato
1341 1029 1720 1108 emergunt,
1766 1017 1954 1107 cujus
2003 1033 2304 1087 naturam
2346 1042 2384 1088 e
2416 1019 2614 1089 brac-

473 1142 603 1210 teis·
638 1138 882 1210 umenti
928 1136 1027 1206 axi
1079 1135 1232 1206 totis
1272 1135 1527 1204 adustis
1560 1136 1860 1227 interque
1893 1160 2022 1205 sese
2054 1136 2299 1207 coalitis
2345 1139 2611 1208 florum-

467 1278 599 1352 que
620 1261 893 1353 'impetu
936 1252 1171 1326 iterum
1239 1279 1360 1348 pro
1413 1246 1602 1349 parte
1661 1256 1883 1326 solutis
1929 1256 2374 1349 explicandam
2438 1250 2567 1328 esse
2584 1312 2604 1343 ,

467 1380 864 1473 comparatio
920 1379 1116 1467 hujus
1174 1368 1683 1448 inflorescentiae
1740 1362 1895 1444 cum
1954 1390 2217 1447 amento
2280 1377 2609 1471 Piper-is

468 1503 715 1593 optimc
763 1496 1033 1591 probat.¹
1067 1518 1160 1553 M·-··
1210 1498 1621 1565 Bractearum
1649 1496 2009 1588 ‘compages
2057 1496 2126 1564 in
2177 1498 2567 1588 quibusdam
2587 1551 2606 1582 ,

467 1621 867 1689 increscente
909 1629 1175 1684 amento
1214 1615 1498 1683 multum
1543 1626 1870 1696 mutatur,
1922 1615 1995 1682 in
2040 1615 2147 1685 Ch
2164 1639 2202 1683 a
2219 1617 2295 1684 vi
2315 1637 2351 1685 c
2369 1641 2404 1685 a
2423 1640 2461 1685 e
2508 1617 2610 1685 in-

467 1738 695 1832 primis
734 1735 1013 1805 amentis
1072 1732 1363 1803 femineis
1418 1726 1713 1804 mensae
1743 1733 1980 1823 ,factae
2037 1746 2191 1803 cum
2239 1736 2450 1804 baccis
2492 1714 2613 1830 pro

467 1873 656 1952 parte
699 1857 1087 1926 coalescunt.

561 1971 846 2046 Flores
890 1972 1587 2066 hermaphroditi
1630 1985 1784 2042 sunt
1823 1973 1922 2041 vel
1952 1973 2334 2043 diclines
2364 1988 2433 2043 et
2466 1989 2613 2045 tum

468 2095 1129 2191 semper-‘dioici
1179 2095 1277 2163 vel
1326 2093 1395 2161 in
1443 2094 1832 2185 quibusdam
1881 2094 2214 2186 speciebus
2249 2094 2320 2163 in
2352 2111 2612 2165 amenta

468 2218 1052 2311 dioicmpolygama
1086 2215 1393 2307 dispositi.
1472 2218 1552 2282 In
1584 2199 1949 2285 universum
1981 2215 2206 2308 stirpes
2233 2216 2512 2285 feminae
2545 2230 2615 2286 et

469 2360 672 2409 mares
700 2360 737 2406 a
770 2337 1132 2407 seinvicem
1165 2336 1343 2403 haud
1378 2332 1476 2403 vel
1508 2354 1741 2426 parum
1775 2320 2082 2419 diversae,
2118 2336 2186 2404 in
2218 2336 2610 2428 quibusdam
2641 2400 2649 2408 .

471 2473 693 2527 tamen
741 2450 1133 2528 Chuvi'cis
1175 2469 1246 2524 et
1276 2453 1564 2547 inprimis
1591 2456 1662 2522 in
1689 2441 2033 2527 Cuheha
2074 2456 2374 2526 Ibliorum
2409 2456 2636 2526 etiam-

468 2580 678 2649 forma
729 2578 1068 2646 distinctae
1087 2628 1105 2658 ,
1167 2576 1349 2644 unde
1397 2562 1795 2667 gravissimae
1845 2577 1916 2643 in
1960 2554 2287 2669 speciebus
2337 2577 2607 2670 dignos-

468 2697 691 2767 cendis
733 2693 1148 2764 difficultates
1188 2694 1595 2764 oboriuntur.
2255 2671 2258 2674 Δ

565 2818 771 2886 Flores
818 2813 1327 2907 hermaphroditi
1361 2827 1515 2881 sunt
1559 2814 1629 2880 in
1663 2812 1968 2882 omnibus
2016 2816 2421 2907 Peperom
2441 2816 2463 2884 i
2483 2817 2628 2886 eis'

470 2952 544 3006 et
571 2934 642 3004 in
684 2936 1226 3026 Piper-earum
1260 2932 1724 3025 generibus
1772 2932 2291 3003 americanis
2339 2936 2605 3005 omni-

467 3059 656 3138 bus,
694 3067 1566 3148 etgercntogaearum
1598 3053 2404 3148 Coccobryo'(capensi
2431 3056 2604 3127 inter

470 3192 932 3270 gerontogueas
962 3188 1031 3242 et
1059 3172 1450 3242 americanas
1473 3161 1655 3264 quusi
1688 3171 2138 3265 intermedio),
2176 3175 2224 3241 Z
2242 3174 2262 3243 i
2280 3199 2387 3269 pp
2404 3177 2565 3246 elia
2585 3231 2605 3262 ,

462 3313 543 3368 et
576 3297 1095 3389 quibusdam
1121 3293 1449 3386 Piperis
1481 3292 1949 3386 stirpibus,
1995 3287 2157 3363 dum
2189 3295 2467 3388 reliquae
2496 3322 2610 3391 ge-

474 3432 863 3511 rontogaeae
892 3435 1117 3486 omnes
1141 3428 1294 3484 sunt
1328 3407 1594 3484 dioicaes
1629 3418 2013 3513 (Memor-atu
2043 3395 2323 3508 dignum
2358 3432 2453 3486 est
2470 3470 2487 3501 ,
2535 3417 2607 3487 in

477 3535 747 3609 floribus
777 3531 1119 3606 diclinibus
1152 3553 1488 3626 nunquam
1518 3523 1700 3605 'sexus
1752 3535 2113 3604 deficientis
2157 3533 2606 3609 rudimentum

474 3660 784 3751 reperire,
819 3677 970 3726 num
998 3658 1113 3749 pili
1141 3657 1326 3726 setosi
1358 3657 1473 3747 qui
1505 3656 1575 3724 in
1608 3654 1995 3747 quibusdam
2022 3656 2268 3727 circum
2301 3643 2604 3752 genifialia

470 3780 667 3872 positi
715 3792 905 3861 sunt,
954 3778 1055 3846 vix
1100 3776 1420 3867 ejusmodi
1472 3778 1758 3845 habendi
1810 3792 1985 3849 sunt.
2040 3779 2135 3832 4—-
2156 3771 2162 3776 ⁹
2182 3783 2345 3851 Vere
2378 3782 2607 3853 sessiles

474 3916 635 3972 sunt
662 3882 853 3969 flcres
881 3919 996 3991 per
1024 3912 1241 3968 totum
1272 3898 1605 3981 ordinem,
1651 3898 1781 3968 sola
1821 3898 2214 3991 Zippelia
2259 3914 2327 3969 et
2362 3902 2571 3972 otto

469 4020 640 4089 niis
683 4019 908 4089 veris
950 4020 1246 4109 exceptis.
1314 4071 1321 4079 -

569 4144 851 4233 Typus
884 4138 1061 4209 floris
1089 4139 1157 4204 in
1193 4137 1769 4230 Peperomieis
1810 4151 1925 4207 est:
1972 4140 2352 4209 ovar-ium
2387 4140 2606 4211 unilo-

476 4262 694 4330 culare
723 4260 1170 4330 uniovulatum
1192 4308 1210 4338 ‚
1257 4257 1444 4327 ovulo
1477 4272 1693 4328 erecto
1711 4310 1728 4342 ,
1774 4259 2035 4350 simplex
2056 4310 2073 4340 ,
2121 4282 2196 4327 ex
2242 4259 2436 4330 unico
2468 4284 2610 4332 car·
