3153 5134
1551 363 1681 427 232

611 566 749 635 Quas
799 577 943 635 porm
983 570 1239 614 nummus
1280 556 1514 613 Siriifolii
1565 559 1753 633 species
1781 557 2054 634 distinguit
2068 598 2087 628 ,
2097 579 2256 616 num
2286 575 2433 620 sensu
2462 566 2698 624 botanico

541 652 721 737 species
769 649 876 706 sint
922 647 1005 704 vel
1045 646 1314 704 varietates
1354 645 1540 701 saltem
1583 657 1678 702 aut
1708 646 1944 703 culturae
1973 646 2156 716 lusus,
2187 648 2286 704 etsi
2309 651 2567 710 affirmare
2594 674 2695 711 non

545 739 715 796 ausim
730 777 748 808 ‚
796 734 1263 792 commemorandas
1306 743 1482 789 tamen
1527 753 1631 790 esse
1691 734 1888 809 putavi.
1941 766 2014 777 —
2065 737 2263 809 Species
2304 741 2526 812 genuina
2576 742 2698 797 Siri

543 832 695 885 Java
744 825 952 881 dicitur.
1001 856 1074 869 —-
1127 822 1302 878 Altera
1353 833 1430 878 est
1476 823 1601 878 siri
1644 822 1929 890 Bentian,
1978 841 2110 896 quae
2151 825 2349 899 majora
2397 828 2532 900 gerit
2559 827 2698 887 folia

539 910 926 987 nigro-virentia
941 949 960 980 ‚
1013 911 1151 965 inter
1189 928 1364 965 nervos
1401 908 1640 982 pluribus
1672 907 2079 982 prominentibus
2110 910 2263 965 costis
2291 922 2522 985 pertexta
2536 953 2555 983 ,
2593 916 2704 971 vul..

544 999 657 1075 gari
705 998 916 1053 fortiora
960 1006 1015 1052 et
1056 995 1249 1052 acriora
1265 1034 1283 1065 ‚
1325 995 1409 1051 sed
1448 994 1636 1068 saporis
1666 994 1839 1049 minus
1872 994 2044 1067 grati,
2028 1016 2041 1030 ·
2089 996 2258 1052 caules
2291 1000 2455 1073 magis
2482 1001 2618 1057 fusci
2649 1013 2703 1059 et

546 1097 657 1144 tota
684 1088 757 1162 pl.
784 1088 967 1160 major.
989 1117 1063 1128 -
1087 1085 1260 1139 Tertia
1284 1083 1447 1139 rarior
1474 1093 1551 1139 est
1576 1083 1705 1138 siri
1729 1082 2011 1157 Tsjenke,
2039 1082 2300 1154 humilior,
2331 1087 2471 1145 foliis
2495 1090 2704 1147 minori-

548 1174 646 1231 bus
678 1172 1074 1240 flavicantibus‚
1108 1171 1311 1227 acribus
1324 1209 1343 1240 ‚
1370 1189 1593 1246 quorum
1626 1187 1769 1245 sapor
1795 1169 1862 1224 ad
1889 1168 2042 1226 illurn
2075 1171 2532 1296 Caryophyllorum
2564 1194 2699 1233 aece-

547 1263 630 1318 dit
644 1302 663 1333 ,
698 1261 837 1317 unde
867 1279 1125 1315 nomen..

620 1347 915 1447 Aliquando
954 1345 1097 1401 nervi
1139 1343 1244 1402 duo
1291 1342 1565 1419 superiores
1614 1341 1841 1415 opposite
1877 1359 1906 1396 e
1935 1359 1989 1398 n.
2022 1360 2105 1397 me
2111 1292 2191 1399 1ίο
2207 1345 2485 1416 oriuntur,
2525 1318 2699 1424 qualia

548 1434 719 1492 folia
703 1454 761 1490 ιιι
789 1454 945 1490 usum
973 1432 1236 1489 medicum
1266 1430 1333 1486 ab
1360 1430 1539 1486 incolis
1579 1428 1895 1504 colliguntur
1912 1467 1931 1497 ‚
1961 1431 2314 1503 superstitione
2351 1434 2522 1509 potius
2546 1456 2702 1511 quam

548 1523 793 1599 peculiari
836 1522 1006 1578 indole
1051 1519 1227 1596 magni
1277 1517 1475 1576 habita.
1560 1516 1691 1573 siri
1735 1516 2114 1573 bertemmoe
2156 1518 2198 1578 i.
2244 1539 2316 1578 e.
2331 1540 2451 1578 casu
2500 1523 2707 1580 inventa

550 1621 818 1668 vocantur.

624 1698 795 1753 Betele
837 1695 1006 1752 solum
1048 1695 1273 1771 requirit
1316 1693 1506 1768 pingue
1550 1691 1887 1766 argillaoeum
1937 1691 1994 1748 in
2036 1711 2140 1769 quo
2183 1694 2391 1771 flagella
2432 1717 2461 1754 e
2498 1700 2712 1764 vetustis

551 1785 817 1860 stipitibus
870 1783 1090 1858 abrupta
1141 1793 1196 1839 et
1241 1783 1298 1838 in
1341 1799 1575 1836 coronam
1604 1780 1738 1835 flexa
1767 1799 1855 1853 per
1888 1780 2065 1855 longos
2096 1782 2262 1839 sulcos
2288 1784 2590 1859 plantantur
2604 1825 2622 1856 ‚
2656 1789 2712 1843 in
2795 1800 2799 1804 ’

550 1892 771 1949 quorum
825 1880 1000 1926 centro
1055 1869 1202 1944 palus
1247 1868 1488 1943 infigitur
1534 1886 1596 1924 ex
1642 1868 1838 1923 recenti
1875 1867 2027 1943 ‚ligno
2076 1888 2247 1927 caesus
2297 1883 2349 1928 et
2393 1875 2579 1930 cortice
2622 1875 2712 1931 ad·

550 1960 657 2016 buc
701 1959 898 2015 virente
938 1957 1189 2013 obductus
1205 1995 1224 2026 ‚
1267 1974 1411 2012 secus
1453 1968 1610 2030 quem
1646 1955 1842 2011 Sirium
1889 1957 2150 2012 adscendit
2166 1996 2185 2026 ‚
2227 1959 2488 2016 radicellas
2532 1964 2710 2019 cortici

550 2046 786 2120 infigens.
861 2044 1002 2100 Folia
1044 2062 1074 2100 e
1104 2043 1321 2099 ramulis
1347 2052 1655 2117 carpuntur,
1695 2062 1820 2098 nam
1867 2063 1998 2119 quae
2045 2045 2182 2101 cauli
2226 2046 2293 2101 ad
2341 2048 2519 2120 palum
2565 2068 2707 2105 scan-

548 2132 698 2189 denti
758 2130 1063 2198 adhaerent,
1120 2132 1292 2186 minus
1335 2129 1469 2189 bona
1509 2129 1841 2204 judicantur.
1942 2136 2056 2202 Quo
2102 2134 2295 2206 saepius
2339 2133 2428 2188 hie
2473 2136 2555 2190 vel
2594 2136 2706 2201 illic

549 2239 717 2278 unum
761 2219 1042 2274 alterumve
1087 2217 1272 2276 folium
1303 2218 1533 2292 carpitur
1546 2256 1566 2286 ‚
1600 2236 1658 2273 oo
1685 2218 1896 2274 meliora
1924 2219 2101 2292 planta
2134 2221 2342 2294 profert.
2375 2252 2448 2266 —
2481 2223 2708 2285 Stolones

555 2309 649 2384 qui
694 2325 726 2362 e
768 2306 1031 2361 radicibus
1074 2315 1368 2362 excrescunt
1409 2315 1463 2360 et
1506 2324 1662 2379 supra
1708 2316 1901 2360 terram
1934 2317 2148 2380 repunt,
2197 2328 2351 2382 parva
2391 2320 2445 2365 et
2473 2311 2709 2371 *rotunda

549 2404 749 2472 ¹gerunt
785 2392 906 2450 folia
944 2413 1071 2468 quae
1107 2413 1226 2449 cum
1264 2412 1452 2469 parum
1489 2393 1625 2448 acria
1659 2392 1793 2461 sint,
1832 2394 2175 2450 masticationi
2207 2395 2347 2451 haud
2375 2406 2496 2471 apta
2526 2398 2711 2457 baben-

560 2497 672 2542 tur.
732 2482 861 2538 siri
892 2483 1214 2557 Tsjatsing
1240 2491 1510 2549 vocantur,
1542 2491 1598 2536 et
1619 2479 1893 2554 aliquando
1923 2482 1987 2537 ad
2017 2483 2137 2538 Sirii
2166 2483 2532 2558 plantationem
2565 2487 2709 2544 adhi-

557 2573 747 2630 bentur
761 2612 780 2642 ,
827 2572 913 2627 cui
957 2581 1133 2628 autem
1177 2571 1278 2627 fini
1323 2571 1646 2627 summitates
1687 2569 1919 2625 caulium
1964 2572 2303 2628 vetustiorum
2343 2574 2528 2630 melius
2558 2577 2714 2647 inser-

558 2662 731 2717 viunt.
767 2692 839 2703 —
873 2661 1091 2732 Quando
1128 2659 1250 2715 sirii
1287 2660 1491 2735 plantae
1520 2667 1791 2714 senescunt
1817 2667 1872 2713 et
1903 2678 2059 2734 parva
2085 2660 2236 2717 modo
2262 2661 2390 2719 folia
2422 2664 2712 2739 proferunt,

557 2748 903 2805 demittendae
931 2759 1054 2805 sunt
1084 2757 1137 2804 et
1168 2766 1300 2803 nova
1331 2746 1540 2804 cultura
1571 2745 1878 2819 incipienda.

632 2842 785 2894 Usus
814 2836 1056 2891 Beteles
1083 2833 1376 2891 foliorum
1416 2833 1473 2888 in
1500 2852 1559 2890 eo
1589 2833 1819 2889 maxime
1849 2833 2110 2905 consistit,
2147 2845 2211 2891 ut
2238 2836 2359 2893 folia
2390 2838 2712 2895 flavescentia

560 2925 641 2981 vel
674 2924 850 2981 viridi·
851 2924 1171 2979 flavescentia
1198 2942 1231 2979 a
1259 2921 1419 2978 ramis
1446 2921 1706 2993 decerpta,
1743 2920 1928 2994 viginti
1959 2921 2039 2975 vel
2070 2922 2290 2996 triginta
2316 2925 2375 2979 in
2405 2925 2711 2984 fasciculum

558 3016 873 3088 (Sussong)
899 3014 1165 3089 compieta,
1194 3010 1437 3067 venalia’
1420 3030 1478 3065 ιιι
1507 3008 1618 3065 foro
1645 3020 1698 3064 et
1729 3010 1909 3085 plateis
1936 3030 2024 3085 per
2045 3031 2247 3067 omnem
2269 3014 2470 3069 Indiam
2495 3015 2710 3072 offeran-

560 3110 671 3160 tur.
742 3107 834 3158 Per
879 3101 1027 3157 binos
1072 3111 1235 3156 tresve
1277 3099 1383 3154 dies
1430 3098 1710 3154 conservari
1755 3108 1968 3171 possunt
1981 3137 1999 3166 ,
2050 3099 2329 3156 dummodo
2368 3101 2465 3156 sub
2513 3122 2714 3177 vespera

564 3210 699 3265 aqua
727 3191 1027 3245 irrorentur.
1092 3188 1212 3243 Tale
1245 3186 1426 3242 folium
1457 3205 1580 3241 cum
1612 3185 1835 3260 Pinanga
1858 3196 1910 3241 et
1939 3186 2075 3242 calce
2102 3189 2443 3244 consociatum
2473 3192 2711 3247 mastica-

562 3287 670 3334 tur.
742 3278 991 3351 Majorum
1037 3273 1274 3331 foliorum
1316 3274 1561 3342 unicum,
1610 3272 1870 3328 minorum
1917 3274 2083 3349 sesqui
2124 3275 2204 3330 vel
2246 3277 2348 3332 duo
2378 3297 2470 3351 pro
2500 3299 2606 3334 una
2630 3280 2710 3334 Pi-

564 3383 760 3440 nangae
791 3365 1027 3436 (Arecae)
1074 3364 1235 3419 bucca
1271 3370 1578 3430 sumuntur,
1616 3379 1719 3435 qua
1746 3361 1974 3434 partium
2005 3362 2213 3418 miscela
2241 3374 2417 3438 gratus
2446 3365 2547 3422 oris
2567 3387 2716 3443 sapor

564 3455 847 3525 excitatur,
893 3453 1022 3509 dum
1065 3453 1110 3508 si
1150 3450 1320 3508 solum
1356 3449 1543 3506 folium
1572 3447 1896 3519 masticetur,
1930 3467 2076 3524 sapor
2106 3449 2237 3515 acris
2264 3459 2318 3506 et
2343 3452 2575 3529 ingratus
2600 3473 2714 3538 per-

567 3541 781 3615 cipitur.

651 3722 714 3785 3.
796 3722 1132 3784 Chattica
1170 3723 1772 3795 consanguinea.
1855 3720 2161 3782 Frutieosa
2180 3764 2199 3798 ‚
2238 3723 2574 3787 scandens?
2612 3725 2712 3788 fo·-

572 3824 673 3886 liis
697 3825 1089 3886 inferioribus
1118 3822 1453 3884 lato-ovatis
1481 3822 1610 3883 basi
1632 3824 1753 3882 lata
1777 3821 2412 3888 rotundato-truncata
2438 3827 2710 3907 aequali,

573 3927 1069 4008 subaequilateris
1085 3973 1104 4004 ,
1145 3926 1414 3987 breviter
1452 3925 1808 4012 acuminatis
1822 3970 1841 4001 ,
1882 3930 2531 4005 septem-octo-nerviis
2547 3973 2565 4003 ‚
2605 3949 2712 3989 su-

573 4031 914 4112 perioribus
940 4029 1420 4109 ovato-ellipticis
1442 4027 1570 4087 basi
1600 4027 1905 4107 inaequali
1935 4029 2409 4106 subrotundatis,
2441 4030 2712 4110 inaequi-

568 4132 811 4212 lateris,
868 4133 1285 4194 5—6-nerviis
1301 4176 1319 4207 ‚
1373 4131 1767 4208 acuminatis,
1806 4131 2094 4193 coriaceis
2108 4178 2129 4209 ,
2170 4132 2554 4192 subtilissime
2583 4133 2706 4212 pel·

572 4234 1108 4314 lucido-punctatis
1122 4277 1142 4310 ‚
1217 4232 1443 4311 glabris
1459 4263 1485 4307 ,-
1553 4233 1796 4312 petiolis
1854 4234 2058 4297 antico
2109 4233 2396 4311 birtellis,
2454 4235 2713 4297 amentis

576 4355 756 4401 masc.
790 4338 1058 4401 breviter
1092 4332 1519 4414 pedunculatis
1550 4334 1935 4401 filisormibus
1965 4335 2185 4400 leviter
2217 4335 2494 4398 curvatis.
