3153 5134
1380 373 1505 435 371

454 573 752 633 Habitat
787 573 861 633 ad
902 572 1130 632 flumen
1159 571 1529 632 Amazonum
1565 571 1883 656 (Poeppigl
1931 596 1989 636 n.
2032 573 2186 635 1738
2224 577 2289 635 in
2325 576 2501 640 Herb.

371 676 458 738 De
491 678 640 737 Less.
677 686 738 738 et
771 678 838 736 in
871 676 1045 737 Herb.
1080 695 1201 753 reg.
1240 672 1455 754 berol.)

383 895 386 900 ἦ
440 828 624 878 Frutex
650 823 933 878 dichotome
963 840 1196 877 ramosus.
1269 824 1411 874 Ram
1424 819 1516 874 uli
1549 820 1888 887 teretiusculi2
1927 821 2310 878 striato-sulcati
2325 862 2341 886 .,
2381 825 2502 878 viri·

368 913 646 980 descentes‚
697 912 891 986 glabri,
941 911 1115 967 laeves.
1187 909 1310 964 Nodi
1348 928 1528 982 parum
1562 910 1767 963 tumidi.
1842 910 2132 964 internodia
2162 915 2343 966 4—10
2371 923 2505 968 cent.

365 1000 566 1054 circiter
605 1000 771 1072 longa.
852 998 1021 1053 Folia
1064 996 1423 1070 erecto-patula
1469 996 2084 1052 cadamo-membranacea
2101 1036 2119 1065 ‚
2168 1018 2272 1052 non
2311 998 2409 1053 nisi
2439 1000 2504 1054 ad

367 1088 559 1143 lentem
603 1087 861 1142 fortiorem
906 1086 1260 1140 obsoletissimc
1304 1082 1828 1155 pellucido-punctam
1847 1123 1864 1150 ‚
1906 1085 2152 1158 utrinque
2176 1085 2352 1158 glabra
2380 1087 2504 1141 niti-

364 1173 522 1242 dula,
570 1193 721 1247 supra
761 1173 1050 1228 atroviridia
1091 1173 1155 1227 ad
1198 1171 1390 1225 lentem
1442 1172 1717 1225 verruculis
1761 1171 1944 1227 albidis
1986 1174 2214 1248 adspersa
2258 1183 2311 1228 et
2355 1174 2504 1229 costis

366 1260 585 1330 lineata,
637 1263 817 1316 subtus
861 1260 1051 1334 pallida
1082 1258 1359 1332 subglauca
1392 1258 1550 1311 nervis
1582 1257 1828 1314 ochraccis
1857 1271 2086 1333 pertense
2110 1262 2177 1315 ad
2203 1261 2394 1315 lentem
2424 1261 2506 1315 hic

367 1346 480 1402 illic
523 1347 859 1422 punctulata,
897 1344 1147 1419 petiolis
1180 1348 1356 1407 1—1}
1388 1353 1518 1398 cent.
1557 1343 1726 1418 longis
1749 1346 1916 1400 anticc
1943 1348 2287 1404 canaliculatis
2318 1348 2505 1425 glabris

364 1425 639 1511 aliquando
680 1433 995 1509 glandulosa-
1030 1432 1108 1488 vel
1140 1430 1757 1504 pulverulento-adspersis
1790 1442 2018 1488 sustenta
2036 1474 2052 1502 ‚
2087 1435 2310 1509 elliptica
2326 1475 2344 1504 ‚
2378 1436 2503 1491 lato-

367 1524 447 1578 vel
495 1523 973 1596 rhombeo·elliptica
1021 1520 1296 1595 aliquando
1346 1519 1677 1586 subobovata‚
1732 1520 1846 1592 plus
1895 1524 2066 1577 minus
2112 1524 2472 1600 inaequilatera
2490 1564 2509 1589 ,

365 1611 474 1667 basi
502 1612 587 1667 vix
617 1610 870 1685 inaequali
908 1608 1223 1663 acutiuscula
1237 1646 1255 1675 ‚
1294 1608 1607 1680 marginibus
1639 1609 1917 1663 extenuatis
1947 1611 2096 1684 plana
2117 1649 2133 1678 ‚
2168 1615 2308 1685 apice
2335 1612 2505 1669 subito

364 1700 420 1755 in
467 1718 681 1755 acumen
727 1697 913 1751 lineare
953 1696 1165 1769 longum
1211 1695 1448 1749 obtusum
1501 1695 1774 1767 aliquando
1817 1697 2271 1751 submucronatum
2304 1710 2502 1754 rectum

365 1788 445 1844 vel
486 1787 757 1862 obliquum
798 1795 1054 1840 contracta
1071 1823 1089 1853 ‚
1141 1787 1348 1838 10—11
1399 1793 1529 1838 cent.
1579 1783 1726 1857 longa
1743 1823 1760 1851 ‚
1812 1789 1992 1851 44—ss
2022 1786 2077 1839 in
2109 1787 2272 1840 medio
2309 1787 2506 1842 circiter

367 1876 513 1945 lata3
549 1895 577 1930 e
621 1894 770 1929 nervo
797 1873 963 1929 medio
994 1882 1312 1947 percurrente
1339 1871 1655 1945 prominente
1683 1871 1926 1945 utrinque
1955 1873 2019 1926 ad
2049 1876 2189 1944 }—3
2224 1874 2315 1930 alt.
2347 1894 2377 1929 a
2403 1875 2511 1929 basi

371 1968 546 2032 5-6,
599 1963 760 2018 rarius
815 1967 850 2017 7
884 1971 1047 2017 costae
1082 1960 1321 2016 oriuntur
1334 1999 1351 2028 ‚
1387 1959 1681 2033 parallelae,
1718 1979 1885 2014 versus
1913 1959 2056 2015 basin
2088 1962 2247 2035 magis
2277 1963 2504 2037 approxi-

371 2061 541 2107 matae
556 2090 573 2119 ,
608 2050 817 2105 infimae
845 2049 910 2104 ad
939 2048 1188 2123 margines
1214 2049 1465 2122 proximae
1495 2048 1663 2102 multo
1691 2048 1941 2105 tenuiores
1959 2088 1976 2117 ‚
2011 2050 2235 2125 reliquae
2264 2051 2370 2106 alte
2399 2069 2506 2106 ver-

370 2156 456 2194 sus
504 2137 758 2209 margines
808 2136 1156 2190 adscendentes
1172 2175 1188 2203 ‚
1235 2151 1438 2190 summa
1467 2135 1530 2190 ad
1566 2136 1762 2208 apicem
1792 2137 1948 2191 ducta
1967 2175 1982 2203 ‚
2017 2156 2188 2192 omnes
2214 2140 2513 2196 numerosis-

363 2226 504 2281 simis
517 2264 536 2294 ,
575 2224 718 2280 valde
751 2225 1112 2297 approximatis
1130 2233 1183 2278 et
1197 2223 1590 2279 horizontalibus
1605 2224 2003 2280 anastomosibus
2018 2225 2256 2281 tenuibus
2271 2227 2511 2302 utrinque

365 2314 649 2370 visibilibus
698 2313 782 2369 sed
830 2314 909 2368 vix
941 2312 1243 2386 prominulis
1264 2313 1491 2386 junctae.
1563 2312 1814 2386 Stipula
1843 2312 2277 2385 oppositifolia
2310 2316 2505 2370 diutius

370 2404 635 2476 persistens
677 2399 879 2455 linearis
900 2400 1200 2473 complicata
1228 2399 1407 2454 leviter
1434 2410 1641 2454 curvata
1674 2400 1850 2472 glabra
1883 2405 1918 2455 8
1948 2420 2076 2456 mm.
2113 2402 2314 2456 circiter
2343 2402 2508 2476 longa.

373 2496 629 2546 Amenta
657 2488 983 2561 oppositil'olia
1009 2487 1333 2541 erectiuscula
1356 2486 1433 2542 vel
1445 2486 1647 2560 patula,
1665 2487 1779 2559 ped
1792 2487 2290 2543 unculistenuibus
2320 2490 2509 2544 striatis

372 2577 621 2633 viridibus
664 2575 751 2629 hic
793 2574 901 2629 illic
931 2594 1095 2648 sparse
1124 2575 1426 2630 furfuraceis
1456 2580 1635 2630 6—12
1669 2595 1798 2630 mm.
1830 2575 1991 2648 longis
2015 2587 2240 2632 sustenta
2270 2577 2514 2646 15--0fere

371 2671 409 2723 2
454 2673 587 2719 cent.
632 2663 815 2736 longa,
850 2668 885 2718 6
918 2682 1045 2718 mm.
1076 2682 1262 2729 crassa,
1299 2673 1433 2717 recta
1469 2663 1647 2718 obtusa
1667 2700 1684 2729 ,
1718 2663 2028 2736 genitalibus
2059 2665 2357 2720 densissimis
2384 2664 2516 2720 hori-

370 2751 636 2808 zontaliter
668 2751 923 2823 porrectis.
995 2753 1168 2804 Nostra
1198 2749 1402 2805 baccis
1436 2751 1778 2805 semimatnris
1811 2761 1913 2805 tota
1944 2763 2137 2808 onusta.
2212 2757 2315 2808 Hae
2340 2764 2515 2808 ovatae

372 2859 405 2896 a
433 2839 675 2894 lateribus
707 2857 816 2911 sup.
847 2847 900 2892 et
942 2836 1036 2892 inf.
1074 2857 1398 2911 compressae,
1429 2837 1482 2892 in
1516 2838 1754 2912 stylum
1788 2839 2124 2912 cylindricum
2157 2841 2384 2895 ovarium
2417 2840 2518 2895 tere

375 2946 618 3004 superans
664 2943 835 2980 versus
880 2924 1072 2998 apicem
1118 2934 1446 2981 attenuatum
1481 2927 1660 2980 'antice
1700 2936 1762 2980 ut
1803 2926 2002 2982 videtur
2045 2928 2300 2984 sulcatum
2339 2948 2514 3004 excur-

371 3028 563 3084 rentes,
613 3015 703 3091 qui
751 3015 807 3068 in
857 3014 994 3086 apice
1032 3014 1327 3088 stigmata
1363 3014 1466 3070 duo
1507 3025 1559 3069 et
1599 3016 1696 3069 tria
1741 3014 2214 3071 lineari-lanceolata
2244 3017 2516 3072 atro-fusca

376 3105 543 3162 nitida
586 3113 845 3159 recurvata
886 3121 1034 3176 supra
1078 3121 1297 3157 convexa
1342 3103 1487 3176 gerit.
1553 3103 1972 3176 Pericarpium
2000 3123 2224 3159 crassum
2255 3106 2515 3161 succulen-

375 3203 526 3262 tum,
575 3190 885 3267 epicarpium
930 3189 1227 3245 viridescens
1272 3189 1529 3263 glabrum.
1615 3190 1910 3245 Ovarium
1955 3211 2076 3246 cum
2118 3193 2252 3268 stylo
2303 3200 2338 3250 2
2385 3213 2516 3250 mm.

371 3281 603 3356 longum.
686 3283 898 3334 Semen
938 3277 1150 3333 basilare
1196 3278 1706 3352 ovato-triangulare,
1757 3278 1927 3332 eadem
1975 3280 2169 3334 ratione
2198 3299 2258 3334 ac
2285 3281 2513 3335 ovarium

378 3370 465 3425 sed
507 3369 693 3424 ibrtius
737 3386 1069 3442 compressum
1085 3407 1104 3436 ‚
1154 3366 1260 3422 basi
1306 3368 1410 3421 lata
1454 3368 1508 3422 in
1548 3367 1715 3421 medio
1753 3366 2031 3440 paullisper
2070 3378 2346 3441 protracta,
2383 3369 2520 3443 apice

371 3457 842 3530 subemarginatum
856 3494 874 3524 ‚
923 3466 1050 3511 testa
1097 3456 1239 3529 nigra
1283 3455 1500 3510 areolata
1527 3454 1789 3527 subopaca.
1877 3459 2168 3510 Bracteae
2202 3455 2515 3531 inflexo—pel-

372 3556 510 3602 tatae
555 3545 714 3600 ovarii
756 3544 898 3600 basin
947 3544 1071 3599 iacie
1109 3562 1201 3600 sua
1230 3563 1442 3599 concava
1476 3544 1794 3617 recipientes,
1830 3544 2016 3599 vertice
2046 3551 2346 3603 truncatae?
2382 3551 2446 3600 St
2462 3565 2516 3600 a·

373 3635 611 3691 minum
656 3633 952 3689 rudimenta
998 3643 1134 3688 certa
1163 3633 1473 3707 distinguere
1501 3652 1603 3688 non
1639 3632 1808 3706 potui.
1841 3663 1911 3673 -—
1947 3637 2284 3689 Baccarum
2313 3634 2432 3690 odor
2461 3652 2518 3688 ac

371 3741 516 3798 sapor
545 3722 805 3796 piperitus.
840 3752 912 3763 -—
949 3728 1207 3777 Amenta
1234 3721 1483 3795 quaedam
1514 3731 1724 3777 curvata
1753 3723 1870 3792 (sec.
1900 3740 1975 3794 sp.
2005 3722 2118 3791 cit.)

458 3943 517 4004 3.
597 3945 1062 4016 Peltohryon
1100 3945 1575 4003 attenuatum
1607 3941 1919 4002 Klotz-sch!
1951 3945 2089 4003 Mas.
2121 3945 2156 4003 1.
2194 3965 2241 4002 c.
2293 3944 2510 4004 Ramn-

382 4046 459 4107 lis
511 4046 1194 4124 resinoso·glandulosis‚
1254 4046 1490 4123 petiolis
1521 4046 1742 4104 adultis
1773 4045 2051 4125 foliisque
2087 4047 2348 4126 (praeter
2384 4067 2509 4105 nas·

383 4150 658 4211 centium
694 4170 946 4211 nervum
986 4147 1256 4209 medium
1293 4148 1554 4230 inferne)
1595 4149 1847 4227 glabris,
1889 4150 1982 4208 his
2016 4150 2509 4224 membranaceis,

386 4252 1060 4332 pellucido-punctalis,
1120 4252 1327 4311 subtus
1372 4251 1722 4329 glandulose
1763 4250 2298 4328 fusco-punctatis‚
2340 4250 2510 4330 ellip-

391 4357 841 4436 tino-oblongis,
916 4357 1181 4417 breviter
1240 4355 1628 4430 acuminatis,
1696 4374 1896 4415 versus
1942 4353 2111 4413 basin
2163 4354 2513 4429 attenuatiS,

1988 4456 2082 4492 ιη
