3153 5134
1608 338 1736 400 198

611 533 983 597 bicularibus
1014 531 1390 594 subeordatis
1418 533 1711 611 ovatisve‚
1744 535 1980 612 crassis,
2013 553 2192 614 supra
2223 533 2436 598 nitidis
2465 545 2531 599 et
2560 556 2763 620 sparse

608 635 1037 698 albo-floccosis
1049 682 1069 712 ,
1123 636 1335 696 subtus
1380 635 1627 716 pallidis
1675 640 2516 718 tumentem-canescentibus,
2568 663 2760 706 nervo

608 739 814 800 medio
851 758 1079 816 crasso,
1121 738 1378 799 amentis
1415 739 1685 798 breviter
1715 739 2144 819 pedunculatis
2178 743 2600 805 terminalibus
2629 765 2757 807 ear·

612 841 985 901 noso-crassis
1024 841 1237 901 erectis
1274 840 1374 901 vel
1413 841 1840 921 subpendulis,
1887 843 2154 903 antheris
2195 846 2506 924 violaceis,
2555 848 2761 938 ovatio

609 943 808 1004 antiee
846 943 1566 1022 glanduloso·incrassato.

677 1071 841 1123 Icon.
871 1066 1004 1121 Link
1034 1076 1087 1121 et
1112 1071 1236 1123 Otto
1265 1066 1303 1125 l.
1332 1085 1379 1122 c.
1413 1067 1539 1123 Tab.
1566 1070 1681 1123 vn.
1710 1098 1784 1108 -—
1812 1070 2011 1125 Comm.
2041 1068 2192 1145 phyt.
2228 1070 2354 1127 Tab.
2385 1075 2471 1130 lv,
2502 1073 2596 1148 fig.
2625 1077 2689 1130 Η.

695 1185 995 1251 Habitat
1035 1185 1101 1245 in
1141 1184 1389 1245 Brasilia
1426 1183 1613 1267 (Link
1654 1192 1717 1244 et
1757 1184 1893 1246 Otto
1931 1184 1976 1246 l.
2017 1183 2097 1266 c.)

685 1306 1055 1362 Suffrnticulus
1079 1325 1342 1375 carnosus,
1377 1306 1596 1380 pedalis,
1633 1325 1848 1375 crassus,
1877 1324 2132 1378 ramosus,
2149 1307 2366 1383 fragilis,
2397 1311 2585 1369 ramis
2610 1311 2764 1367 alter·

609 1395 721 1461 nis,
755 1393 958 1467 sparsis,
995 1393 1263 1461 teretibus,
1299 1394 1634 1461 succulentis,
1671 1393 1872 1461 crassis,
1907 1413 2090 1467 parum
2127 1395 2347 1463 nodosis,
2382 1397 2529 1453 dense
2560 1408 2760 1454 tomen-

608 1483 757 1548 tosis,
786 1489 1012 1535 tomento
1039 1477 1176 1535 boevi
1200 1479 1407 1535 floceoso
1427 1479 1597 1534 albido
1621 1479 1936 1554 detergibili,
1965 1481 2062 1536 sub
2088 1501 2193 1556 quo
2214 1483 2350 1538 cutis
2376 1484 2551 1541 viridis
2573 1487 2759 1545 nitens.

608 1569 778 1623 Folia
800 1566 1032 1632 alterna,
1068 1565 1218 1638 longe
1245 1565 1588 1639 pedunculata
1619 1568 1710 1640 (pe
1722 1566 1876 1621 tiolo
1902 1576 2060 1622 terete
2088 1579 2180 1623 aut
2206 1569 2585 1627 subsemiterete
2610 1573 2761 1628 lami·

603 1673 729 1709 nam
773 1653 881 1707 fere
922 1653 1193 1724 aequante)
1238 1651 1468 1706 infima
1512 1652 1618 1707 fere
1660 1653 1971 1721 orbiculata,
2016 1654 2302 1728 subpeltata
2337 1660 2358 1728 (
2364 1659 2549 1732 petiole
2582 1661 2763 1734 paullo

603 1759 753 1816 supra
797 1738 943 1794 basin
984 1738 1161 1809 affixo)
1208 1737 1369 1793 brevi—
1370 1749 1587 1793 rostrata
1640 1739 1724 1795 vel
1781 1750 1933 1795 acuta
1971 1741 2053 1796 vel
2088 1743 2394 1813 rotundatu,
2447 1748 2760 1821 superiora

603 1830 785 1905 magis
803 1829 1101 1892 lato-ovata,
1142 1824 1251 1879 basi
1284 1824 1611 1892 subcordata,
1647 1825 2002 1900 integerrima,
2040 1847 2274 1899 oernosa,
2309 1831 2368 1886 in
2399 1833 2585 1907 pagina
2617 1852 2759 1907 supe·

599 1917 735 1972 riore
763 1917 961 1971 nitente
991 1932 1156 1988 sparse
1184 1912 1419 1979 flemma,
1454 1912 1511 1966 in
1539 1911 1773 1968 inferiore
1802 1913 1945 1968 brevi
1975 1923 2203 1970 tomento
2228 1917 2379 1972 molli
2406 1921 2553 1974 tenui
2578 1920 2758 1993 griseo-

601 2003 870 2059 isabellino
891 2010 1049 2069 tecta,
1073 2019 1225 2055 nervo
1246 2000 1416 2056 medio
1438 2019 1598 2056 crasso
1619 2001 1677 2055 in
1701 2003 1884 2075 pagina
1904 2001 2139 2058 inferiore
2159 2003 2478 2062 solummodo
2497 2008 2760 2076 cernendo,

600 2090 819 2147 costulas
862 2089 1119 2157 laterales,
1154 2106 1182 2142 e
1210 2087 1316 2142 basi
1344 2087 1530 2156 etiam,
1576 2088 1636 2142 in
1662 2088 1778 2144 vivo
1803 2109 1904 2144 non
1933 2090 2206 2147 cernendas
2234 2092 2522 2150 emittente.
2587 2094 2748 2149 Folii

598 2179 815 2233 maximi
841 2177 1108 2251 petiolus
1136 2181 1234 2243 34,
1269 2176 1500 2231 lamina
1526 2181 1561 2230 5
1590 2186 1723 2232 cent.
1749 2176 1929 2251 longa;
1964 2178 2184 2233 aliorum
2211 2178 2428 2234 laminae
2451 2186 2524 2245 δὲ
2548 2181 2753 2256 longae,

600 2269 675 2330 4}
716 2265 864 2319 latae.
937 2268 1193 2318 Amenta
1235 2262 1554 2330 terminalia,
1598 2262 1857 2336 elongata,
1881 2269 2099 2320 10—-15
2137 2275 2191 2319 et
2222 2265 2372 2338 plura
2404 2278 2538 2324 cent.
2571 2269 2754 2344 longa,

597 2351 943 2427 cylindracea‚
970 2356 1005 2406 4
1033 2370 1164 2407 mm.
1193 2351 1302 2406 basi
1327 2370 1520 2419 crassa,
1543 2370 1711 2407 versus
1733 2353 1925 2425 apicem
1948 2362 2235 2419 attenuata,
2251 2364 2391 2407 recta
2414 2355 2494 2409 vel
2516 2369 2749 2427 curvata,

596 2439 778 2495 rbacbi
818 2459 1020 2494 carnosa
1058 2439 1213 2494 viridi
1252 2458 1448 2495 succosa
1486 2439 1686 2513 fragili,
1727 2440 2085 2513 pedunculo
2124 2449 2402 2497 tomentoso
2434 2444 2751 2518 cylindraceo

595 2525 889 2583 abbreviato
931 2525 1160 2582 foliolum
1209 2545 1370 2582 unum
1414 2527 1697 2583 alterumve
1735 2528 1976 2602 exiguum
2004 2525 2394 2585 bracteaeibrme
2422 2531 2747 2591 cucullatum

593 2628 810 2691 gerente.
881 2616 1091 2671 Flores
1127 2615 1475 2671 confertissimi
1508 2627 1602 2671 nec
1634 2626 1748 2690 post
1781 2614 2153 2672 florescentiam
2190 2618 2499 2675 remotiores.
2569 2624 2744 2676 Brac-

591 2715 725 2760 teae
755 2702 1034 2758 subsoesiles
1063 2703 1118 2756 in
1153 2701 1353 2757 dorsulo
1378 2701 1616 2757 rhaebeos
1632 2741 1649 2770 ,
1670 2703 1792 2758 hinc
1816 2703 1961 2778 quasi
1987 2721 2148 2758 crasse
2162 2704 2509 2777 pedieellatae,
2544 2708 2743 2765 orbicu-

594 2793 726 2847 lares
753 2789 1276 2864 viridi-glandulosae,
1310 2789 1748 2864 submarginatae,
1788 2792 2169 2859 crassiusculae,
2204 2796 2540 2867 persistentes.
2612 2801 2741 2852 Sta·

593 2878 766 2933 mina
808 2877 943 2945 duo,
992 2875 1058 2931 ad
1103 2876 1388 2949 marginem
1430 2878 1738 2950 superiorem
1775 2877 2037 2946 bracteae,
2079 2878 2212 2934 hanc
2251 2881 2387 2936 inter
2423 2893 2476 2937 et
2514 2886 2743 2939 ovat-ium

594 2965 931 3039 emergentia3
961 2963 1220 3020 filamen
1231 2975 1291 3019 ta
1319 2964 1642 3020 crassiuscula
1668 2964 1778 3019 basi
1802 2965 2077 3020 subteretia
2103 2967 2244 3041 apice
2270 2971 2591 3043 complanata
2619 2972 2745 3027 dila·

592 3063 708 3111 tata
740 3054 799 3108 in
829 3054 955 3108 {ossa
987 3053 1145 3108 ovarii
1177 3052 1497 3123 abscondita3
1531 3053 1825 3108 antherae
1857 3054 2089 3127 primum
2105 3054 2445 3128 pulcherrime
2475 3058 2743 3130 violaeeae,

592 3143 804 3199 demum
833 3142 1028 3211 fuscae,
1064 3142 1387 3211 biloculares,
1422 3142 1602 3196 loculis
1631 3141 1886 3215 oblongis,
1923 3142 2175 3211 discretis,
2209 3145 2514 3213 tumidulis,
2550 3133 2744 3222 apposi-

593 3232 688 3300 tis,
734 3232 866 3286 rima
908 3231 1269 3306 longitudinali
1309 3230 1506 3285 laterali
1551 3229 1946 3298 dehiscentibus,
1992 3232 2282 3287 connectivo
2319 3232 2459 3306 apice
2487 3233 2744 3289 filamenti

596 3318 813 3373 dilatato
849 3327 958 3372 toto
994 3318 1163 3373 affixe.
1236 3318 1530 3373 Ovarium
1570 3336 1723 3392 supra
1757 3317 2013 3371 bracteam
2052 3318 2209 3374 fossae
2244 3320 2574 3390 immersum,
2609 3323 2741 3377 ovoi-

596 3406 784 3473 deum,
806 3405 989 3473 viride,
1021 3404 1285 3479 glabrum,
1319 3415 1460 3479 parte
1488 3405 1658 3459 antica
1685 3423 1773 3459 seu
1800 3407 2050 3478 superiore
2077 3417 2363 3483 emergente
2389 3408 2743 3483 glandulaceo-

599 3496 868 3549 incrassata
910 3492 1101 3567 pallide
1143 3493 1437 3548 aurantiaca
1451 3533 1468 3561 ,
1518 3494 1732 3548 demum
1776 3492 1958 3561 viridi,
2003 3495 2148 3570 quasi
2188 3504 2412 3564 scutata,
2458 3505 2599 3552 scuto
2638 3496 2744 3552 basi

598 3583 801 3650 obtuso,
846 3582 987 3656 apice
1030 3581 1322 3636 acuminato
1364 3580 1444 3635 vel
1489 3581 1544 3634 in
1586 3582 1880 3636 universum
1916 3583 2181 3657 ungulato,
2225 3585 2360 3639 unde
2393 3597 2537 3641 extus
2574 3587 2741 3642 visum

598 3670 829 3727 orarium
861 3670 1029 3742 ipsum
1063 3669 1589 3724 ovato-acuminatum
1621 3669 1845 3741 adparet.
1916 3674 1978 3724 In
2012 3671 2177 3726 medio
2208 3672 2302 3727 hoc
2335 3683 2479 3729 scuto
2508 3672 2743 3730 fossula

596 3757 980 3833 punctiformis,
1011 3756 1162 3831 pilis
1188 3756 1496 3811 brevissimis
1523 3755 1868 3812 albicantibus
1895 3758 2260 3834 microseopicis
2288 3761 2498 3818 demum
2521 3761 2744 3818 evanidis

601 3845 810 3911 vestita,
852 3864 1033 3899 verum
1064 3845 1290 3918 stigma
1321 3842 1548 3897 habenda
1579 3843 1698 3910 (sec.
1729 3862 1804 3915 sp.
1834 3843 1935 3898 viv.
1970 3848 2111 3900 Hert.
2141 3848 2402 3919 Roterod.)

667 3932 1016 4006 specimina
1050 3937 1215 3987 Hert.
1251 3930 1441 3986 Berol.
1476 3949 1508 3983 a
1544 3929 1727 3983 nostris
1763 3929 1906 3984 nulla
1941 3941 2059 3986 nota
2093 3932 2361 3990 differunt.

679 4108 816 4169 190.
897 4111 1353 4181 Peperomia
1403 4108 1801 4179 variegata
1853 4108 2021 4170 Ruiz
2074 4123 2130 4172 et
2178 4113 2334 4171 Pav.
2386 4110 2476 4170 ΕΙ.
2519 4111 2732 4170 Peme.

604 4216 760 4272 Tom.
797 4213 851 4271 I.
876 4233 939 4291 p.
979 4210 1077 4270 33.
1167 4209 1356 4288 Piper
1386 4207 1651 4268 Per-soon
1688 4210 1838 4289 Syn.
1856 4213 1916 4274 I.
1946 4234 2010 4293 p.
2031 4212 2129 4275 35.
2160 4213 2321 4274 haud
2337 4213 2415 4273 Η.
2432 4212 2511 4272 Β.
2548 4214 2738 4292 Piper

592 4316 950 4376 vuaculosum
994 4314 1175 4374 Linn.
1258 4312 1608 4390 Peperomia
1656 4314 1845 4376 Hook.
1893 4317 1982 4377 Fl.
2028 4329 2176 4377 amoc.
2257 4314 2737 4390 Suffruticulosa,
