3153 5134
1627 294 1666 372 8
1759 262 1763 265 ,

576 520 776 588 fertis.
865 523 946 585 ln
993 531 1221 585 centro
1255 515 1435 583 adest
1468 509 1708 582 canalis
1730 515 2100 585 medullaris
2129 517 2334 607 parcis
2360 518 2541 590 fibris
2574 544 2700 590 vas-

573 618 925 708 cularibus'
958 638 1308 705 instructus
1385 649 1453 703 et
1518 634 1759 705 circulo
1825 632 2117 705 vasorum
2197 637 2441 727 lignoso
2527 641 2720 731 molli*

580 760 858 828 inclusus
877 810 895 841 ,
961 757 1074 847 qui
1139 756 1330 824 radiis
1366 754 1620 845 *amplis
1673 755 2132 825 medullaribus
2195 757 2493 825 radiatim
2565 758 2701 825 dis-

578 894 785 947 sectus
825 891 920 946 est
936 929 954 958 ‚
1002 867 1166 945 adeo
1209 890 1287 944 ut
1327 877 1658 966 segmenta
1708 875 1921 966 lignea
1971 876 2134 943 facie
2181 877 2490 945 exteriore
2539 901 2701 946 con-

580 1021 765 1079 vexa,
810 1020 1021 1065 versus
1065 1009 1366 1064 centrum
1399 1007 1670 1063 cuneata
1717 995 1847 1062 sint
1866 1047 1884 1077 ,
1930 995 2117 1062 simili
2157 996 2425 1065 omnino
2452 997 2702 1067 ratione

578 1140 653 1184 ac
685 1117 755 1184 in
787 1115 1139 1185 Melocactis
1167 1113 1319 1182 vidi.
1417 1116 1549 1204 (Cf.
1568 1117 1874 1182 Linnaea
1893 1117 2072 1184 Tom.
2092 1119 2235 1187 XV
2229 1118 2288 1185 Ι.
2295 1141 2370 1203 p.
2393 1122 2523 1184 470
2539 1106 2699 1206 seq.)

666 1241 748 1303 In
778 1234 1126 1324 Pipereis
1167 1233 1807 1325 liguescentibus
1845 1212 2169 1303 structura
2209 1235 2408 1325 magis
2440 1237 2705 1304 absolvi-

582 1370 711 1424 tur.
803 1357 882 1420 In
911 1337 1230 1443 ‚piperis
1271 1352 1488 1443 specie·
1517 1353 1612 1443 (P.
1647 1353 1809 1421 acri
1843 1353 2012 1442 aff.)
2051 1377 2264 1422 ramus
2297 1378 2550 1424 annuus
2579 1356 2723 1424 sub-

580 1474 820 1543 cortice
866 1485 1141 1540 stratum
1180 1453 1496 1540 cellulare
1539 1472 1740 1540 viride
1783 1473 2012 1565 offert,
2057 1477 2241 1565 quod
2275 1476 2440 1545 linea
2473 1476 2703 1545 obscu-

576 1595 747 1663 riore
788 1617 826 1662 a
866 1593 1159 1661 medulla
1192 1593 1431 1660 inclusa
1465 1607 1822 1684 separatum
1859 1608 1973 1664 est.
2066 1596 2476 1694 Medulla-sex
2507 1597 2703 1665 fibras

574 1713 813 1805 ligneas
858 1713 929 1779 in
979 1713 1295 1781 circulum
1341 1713 1672 1804 dispositas
1720 1729 2057 1785 monstrat.
2157 1720 2236 1782 In
2281 1717 2405 1785 alio
2453 1716 2703 1785 ramulo

574 1856 825 1912 annuo,
857 1832 927 1899 in
958 1855 1209 1900 summo
1238 1832 1418 1921 apice
1455 1833 1667 1929 (lentis
1699 1835 1845 1924 ope)
1878 1849 2152 1903 stratum
2179 1837 2477 1904 corticale
2507 1852 2703 1904 tenue
2755 1832 2759 1836 ⁴

570 1953 792 2020 album
821 1973 858 2017 e
890 1949 1130 2017 cellulis
1162 1950 1536 2017 tenuissimis
1562 1953 2016 2041 compositum,
2053 1968 2299 2022 textum
2327 1956 2697 2023 cellulosum

571 2094 610 2138 e
659 2069 875 2160 paullo
915 2069 1268 2158 majoribus
1307 2066 1547 2136 cellulis
1596 2070 1951 2138 formatum
1995 2072 2273 2142 includit
2289 2125 2308 2155 ‚
2353 2075 2539 2163 cujus
2591 2097 2695 2141 ex-

568 2192 724 2258 tima
757 2213 902 2280 pars
933 2189 1278 2270 viridescit,
1313 2188 1682 2279 lineamque,
1707 2191 1906 2258 refert
1940 2192 2270 2260 obscuram
2297 2194 2693 2274 circularem,

570 2313 640 2379 in
691 2333 820 2399 qua
873 2322 1022 2377 octo
1073 2309 1327 2376 circiter
1370 2309 1573 2376 fibrae
1610 2310 1959 2378 vasculares
1975 2334 2128 2411 ¹non
2158 2335 2379 2381 omnes
2407 2314 2695 2403 ejusdem

569 2429 1036 2521 magnitudinis
1066 2430 1567 2520 conspiciuntur.
1660 2434 1739 2497 In
1767 2445 1994 2501 centro
2020 2433 2217 2500 caulis
2246 2434 2537 2524 quinque
2565 2435 2696 2504 fas-

565 2551 751 2620 ciculi
802 2550 1186 2620 medullares
1233 2552 1490 2621 adsunt.
1599 2552 1785 2621 Idem
1837 2578 2050 2623 ramus
2099 2554 2264 2623 infra
2314 2555 2451 2624 folii
2494 2557 2696 2626 adulti

568 2673 982 2741 insertionem
1034 2687 1241 2741 sectus
1260 2725 1278 2755 ‚
1325 2674 1395 2740 in
1428 2673 1598 2742 linea
1631 2673 1737 2741 illa
1773 2676 2042 2761 obscura
2077 2675 2393 2744 tredecim
2429 2677 2699 2747 fascicu-

565 2793 661 2861 los
710 2792 968 2861 exhibet
987 2845 1005 2875 ,
1070 2817 1345 2883 quorum
1383 2794 1653 2883 quidam
1688 2795 1901 2863 adhuc
1933 2795 2117 2865 valde
2148 2797 2389 2888 exigui3
2424 2813 2699 2888 octoque

564 2911 806 2981 adsunt
870 2913 1148 2982 fasciculi
1214 2914 1629 2981 medullares:
1693 2928 1821 2982 tres
1866 2916 2247 2985 medullares
2296 2931 2364 2984 et
2410 2919 2701 3008 quinque

565 3034 762 3124 lignei
790 3034 1069 3102 fasciculi
1102 3034 1170 3101 in
1204 3034 1434 3102 folium
1467 3048 1824 3102 transeunt.
1880 3083 1884 3087 »
1913 3038 1996 3100 In
2043 3036 2289 3104 ramulo
2316 3037 2459 3125 jam
2496 3038 2696 3129 magis

566 3151 872 3221 indurato
909 3152 1356 3244 duodeviginti
1388 3152 1637 3219 circiter
1669 3151 1945 3220 fasciculi
1977 3153 2208 3243 lignei,
2242 3155 2502 3222 alternis
2536 3156 2695 3222 vici-

569 3274 690 3340 bus
723 3266 997 3361 majores
1028 3272 1268 3340 adsunt
1287 3323 1305 3353 ‚
1351 3271 1646 3362 quinque
1677 3273 2084 3355 medullares3
2123 3273 2189 3339 in
2224 3273 2456 3341 eodem
2475 3325 2494 3356 ,
2527 3275 2694 3343 infra

575 3391 806 3459 ramuli
835 3391 1056 3458 >annui
1103 3391 1514 3460 insertionem
1533 3443 1551 3473 ,
1617 3392 1841 3483 viginti
1874 3406 2156 3482 quatuor
2187 3394 2464 3462 fasciculi
2498 3394 2695 3486 lignei

574 3524 643 3578 et
676 3510 967 3601 quinque
1001 3511 1379 3580 medullares
1409 3525 1857 3581 numerantur.
1956 3516 2037 3578 In
2072 3512 2437 3589 internodio
2481 3516 2695 3585 subse-

575 3631 806 3722 quenti
846 3632 988 3720 jam
1040 3632 1293 3701 evidens
1343 3632 1796 3702 fasciculorum
1847 3633 2322 3702 incrementum
2373 3635 2693 3721 obtinuit3

581 3765 931 3838 transverse
953 3752 1084 3820 scil.
1111 3752 1582 3833 extenduntur,
1615 3752 1706 3820 ita
1733 3767 1810 3820 ut
1834 3751 2128 3822 sectionis
2152 3754 2466 3825 diameter
2497 3771 2701 3826 trans-

579 3856 787 3937 versus
853 3871 922 3936 in
989 3870 1278 3960 pluribus
1318 3873 1457 3961 jam
1502 3872 1962 3963 tangentialem
2010 3888 2285 3964 superet.
2393 3878 2471 3942 In
2521 3899 2701 3945 ramo

590 3991 811 4061 bienni
861 4004 1059 4081 atque
1109 3992 1345 4059 trienni
1395 3992 1562 4060 circa
1614 3992 1961 4062 medullam
1980 4045 1998 4076 ,
2063 3987 2131 4062 in
2175 3995 2340 4063 linea
2385 3994 2489 4062 illa
2523 3995 2712 4084 viridi,

588 4114 888 4182 corticem
919 4112 1088 4179 inter
1114 4126 1182 4180 et
1210 4113 1561 4180 medullam
1580 4164 1598 4194 ‚
1627 4127 1869 4205 septem
1898 4130 2012 4184 aut
2040 4129 2190 4185 octo
2219 4114 2499 4183 fasciculi
2528 4137 2705 4184 com-

593 4234 837 4328 planati
868 4233 963 4321 (in
998 4247 1146 4302 sect.
1178 4247 1410 4304 transv.
1437 4233 1835 4319 sublunares,
1867 4236 2030 4309 facie
2054 4259 2327 4305 concava
2359 4235 2705 4308 medullam
