3153 5134
1465 371 1597 433 245

452 562 577 632 lata,
619 566 917 636 convoluta,
951 567 1281 623 subeoriacea.
1356 574 1615 623 Amenta
1651 584 1826 622 masc.
1857 568 1912 620 in
1949 566 2167 622 ramulis
2198 564 2415 622 summis
2447 585 2592 639 oppo-

449 649 684 722 sitifolia,
715 656 1081 729 pedunculis
1106 660 1287 722 1-13-
1313 664 1448 711 cent.
1477 654 1642 728 longis
1669 653 2010 710 teretiusculis
2034 653 2276 710 tenuibus
2300 655 2594 731 patentibus

448 749 698 810 sustenta,
736 748 807 817 64
834 753 969 800 cent.
996 743 1197 799 circiter
1223 743 1401 816 longa,
1435 741 1674 815 adspectu
1703 741 1873 809 fusca,
1907 745 1979 810 2}
2009 761 2138 798 mm.
2167 761 2356 810 crassa,
2386 740 2593 810 teretia,

447 824 655 896 obtusa,
705 830 1028 885 subcurvata.
1107 833 1388 884 Bracteae
1430 828 1635 894 densae,
1685 827 1902 884 breviter
1945 829 2295 902 pedieellatae,
2345 830 2594 903 peltatae3

448 913 583 987 pelta
610 916 878 971 orbiculari
905 917 1127 971 tenuiter
1158 916 1401 983 coriam,
1429 934 1544 970 area
1572 916 1784 970 centrali
1811 915 2108 985 atro-fusca,
2134 927 2392 973 caeterum
2418 916 2594 973 ochra·

445 1020 533 1056 cea
567 1004 883 1077 marginibus
916 1004 1285 1079 angustissimis
1317 1001 1644 1077 subpallidis,
1681 1003 1956 1070 undulata,
1992 1004 2098 1077 ipsa
2130 1004 2334 1061 bractea
2353 1023 2594 1074 convexa,

449 1088 704 1162 pedicellis
760 1091 1180 1166 albo—puberulis.
1269 1089 1547 1144 Stamina
1594 1090 1697 1144 duo
1737 1088 1969 1145 nondum
2008 1090 2136 1146 bene
2174 1091 2442 1149 efformata
2475 1094 2594 1163 (sec.

448 1194 523 1248 sp.
560 1176 714 1232 Roxb.
751 1177 849 1232 ub.
886 1181 958 1231 De
991 1178 1146 1247 less.)

518 1269 580 1318 ln
598 1264 696 1320 ub.
716 1265 875 1320 Wall.
892 1285 945 1321 n.
964 1268 1110 1320 6653
1128 1266 1185 1318 B.
1204 1270 1366 1316 exstat
1381 1279 1464 1335 sp.
1485 1261 1768 1316 sterilein
1782 1263 1985 1337 Nepalia
2010 1262 2073 1317 ad
2097 1266 2341 1338 Harygow
2364 1263 2589 1333 lectum,

448 1351 581 1425 quod
626 1351 968 1407 verisimiliter
1006 1351 1110 1405 huc
1152 1350 1404 1423 pertinet,
1444 1347 1578 1403 foliis
1605 1348 1699 1405 inf.
1729 1351 1916 1418 ovatis,
1954 1351 2367 1420 ovato-cordatis,
2400 1353 2591 1407 acumi-

447 1438 606 1507 natis,
637 1439 882 1513 septupli-
909 1438 991 1493 vel
1017 1435 1493 1509 subseptemnerviis
1517 1435 1729 1508 glabris,
1763 1437 2082 1492 nascentibus
2108 1438 2171 1492 ad
2200 1439 2405 1512 petiolos
2429 1439 2597 1495 antioc

444 1524 981 1598 ciliolato·puberu.lis,
1008 1541 1119 1594 sup.
1150 1521 1429 1595 majoribus
1457 1520 1563 1575 basi
1590 1523 1791 1596 aequali
1818 1523 1894 1578 vel
1931 1524 2182 1599 inaequali
2212 1524 2417 1601 oblique
2441 1535 2589 1582 trun·

446 1612 601 1681 catis,
638 1630 753 1666 raro
786 1608 1115 1664 acutiusculis
1146 1608 1583 1682 septuplinerviis,
1614 1610 1810 1684 petiolis
1838 1610 2044 1685 glabris.

532 1787 623 1846 ll.
706 1787 1039 1849 chasson
1087 1790 1524 1848 uelamine.
1616 1787 1848 1847 Sirium
1898 1779 2175 1867 sylvestre
2225 1789 2473 1850 alienam
2524 1812 2580 1850 v.

453 1888 696 1948 Siriboa
728 1891 1031 1969 sylvestris
1069 1889 1328 1969 Rumph.
1364 1891 1542 1951 Herh.
1580 1890 1752 1949 Amh.
1798 1890 1958 1950 Tom.
2002 1891 2061 1949 V
2077 1912 2143 1970 p.
2180 1890 2322 1953 342.
2395 1894 2586 1972 Piper

449 1993 777 2052 Melamiris
808 1992 990 2051 Lina.
1027 1990 1193 2071 Spec.
1230 1992 1319 2051 ed.
1361 1990 1454 2051 14.
1531 1991 1762 2051 Cuheba
1806 1993 1940 2071 Miq.
1976 1993 2013 2050 l.
2048 2014 2097 2052 c.
2119 2014 2187 2074 p.
2223 1992 2325 2054 34.
2397 1994 2584 2056 Caule

447 2094 733 2156 fruticoso
765 2094 1110 2170 scandente,
1142 2094 1301 2154 foliis
1326 2094 2014 2155 crasso-membranaceis
2039 2095 2437 2157 subcoriaceis
2460 2099 2584 2177 gla-

446 2196 595 2274 bris,
647 2198 857 2258 subtus
897 2197 975 2257 ad
1019 2217 1234 2257 nervos
1274 2195 1635 2277 petiolisque
1678 2197 2286 2277 birtello-puberulis,
2329 2199 2579 2291 demum
2684 2279 2692 2285 ·

448 2300 870 2379 subglabratis,
913 2302 1132 2376 ovatiS,
1174 2300 1302 2359 basi
1322 2300 1705 2363 ‚subcordatis
1741 2300 1835 2361 vel
1870 2301 2232 2376 rotundatis,
2268 2304 2585 2365 acumina-

447 2404 549 2479 tis,
582 2405 866 2483 septupli·
898 2403 994 2463 vel
1021 2405 1533 2478 noveno-neniis,
1568 2404 1824 2462 amentis
1850 2403 2130 2465 femineis
2155 2405 2579 2485 pedunculatis

446 2504 729 2583 pendulis
763 2505 1046 2566 brevibus
1079 2504 1476 2586 cylindraceis
1510 2505 1864 2565 subconicis.

517 2634 674 2686 Icon.
705 2630 931 2703 Rumpb.
963 2630 1000 2686 l.
1029 2649 1075 2684 c.
1108 2628 1230 2685 Tab.
1263 2634 1372 2683 118
1406 2628 1498 2702 fig.
1529 2635 1597 2697 2,
1631 2639 1684 2683 et
1714 2629 2057 2684 verisimiliter
2084 2630 2239 2684 etiam
2275 2631 2365 2705 fig.
2399 2636 2452 2687 1.

527 2747 822 2808 Habitat
872 2748 934 2806 in
984 2746 1196 2805 insulis
1239 2746 1633 2820 Moluccanis,
1687 2753 1747 2805 et
1804 2745 2196 2822 probabiliter
2241 2746 2423 2807 latius
2467 2769 2577 2827 per

445 2850 681 2912 Indiam
730 2850 1083 2911 orientalem
1132 2849 1414 2927 dispersa.
1494 2847 1661 2907 Teste
1705 2868 1950 2908 amram
1994 2855 2206 2925 sponte
2247 2852 2462 2910 crescit
2507 2852 2576 2913 in

446 2953 654 3033 sylvis,
711 2952 950 3032 copiose
1002 2952 1067 3010 in
1124 2971 1339 3029 magna
1392 2951 1689 3010 Amboina
1743 2950 1907 3009 circa
1957 2949 2160 3010 vicum
2217 2952 2575 3032 Laricques,

447 3056 768 3117 malaice
804 3054 924 3115 Siri
957 3055 1195 3132 Outang
1221 3062 1282 3113 et
1315 3053 1428 3113 Siri
1463 3052 1785 3123 Candbati‚
1819 3053 1858 3111 i.
1888 3072 1940 3111 e.
1970 3052 2192 3112 Sirium
2225 3055 2571 3132 publicum,

444 3157 817 3219 cum'cuivis
850 3158 1033 3217 liceat
1066 3156 1182 3216 hoc
1215 3156 1566 3234 decerpere,
1612 3154 2037 3215 amboinice
2072 3154 2436 3218 Ammelaun
2471 3158 2572 3218 Al-

443 3260 580 3336 bar,
619 3260 686 3319 in
720 3260 981 3319 Hitoea
1016 3258 1337 3320 Camelaun
1369 3258 1563 3317 Abbal
1597 3265 1864 3318 vocatur.

513 3389 783 3439 mutunus
826 3402 981 3437 suum
1009 3382 1187 3456 Piper
1218 3381 1552 3436 Melamiris
1582 3380 1814 3453 inprimis
1838 3400 1868 3434 e
1897 3380 2104 3435 laudata
2131 3395 2352 3437 nummu
2381 3385 2577 3441 Tabula

437 3470 662 3526 condidit
699 3480 753 3523 et
787 3488 901 3523 eam
933 3470 1172 3523 continuo
1207 3469 1415 3524 citabat.
1486 3473 1559 3523 Ex
1598 3488 1656 3523 ea
1694 3470 1867 3543 itaque
1902 3470 2084 3541 species
2115 3470 2377 3543 dijudicari
2408 3472 2574 3530 debet.

438 3562 500 3611 In
539 3556 782 3609 herbariis
821 3566 995 3609 autem
1033 3575 1300 3629 nunquam
1347 3574 1521 3610 verum
1574 3558 1751 3629 Piper
1797 3556 2128 3611 Melamiris
2177 3563 2231 3614 L.
2268 3561 2451 3631 reperi,
2490 3580 2573 3615 ex-

437 3653 584 3716 cepto
615 3643 885 3716 specimine
917 3642 1091 3698 Herb.
1117 3647 1194 3696 De
1221 3649 1398 3710 Less.,
1430 3643 1776 3697 verisimiliter
1797 3662 1824 3696 e
1851 3657 2130 3696 BURMANM
2152 3643 2230 3698 vel
2255 3659 2569 3703 noUTwYNn

434 3730 811 3789 collectionibus
845 3732 1104 3806 acquisito.
1177 3737 1280 3787 Hoc
1319 3732 1441 3787 adeo
1473 3741 1709 3787 accurate
1743 3730 1799 3784 in
1835 3730 2028 3784 iconem
2069 3744 2286 3785 nulnum
2325 3735 2570 3807 quadrat,

433 3831 496 3877 ut
533 3820 596 3875 de
633 3820 902 3875 identitate
943 3819 1149 3875 nullum
1188 3821 1318 3875 mihi
1349 3820 1566 3875 dubium
1600 3820 1688 3875 sit.
1716 3851 1788 3860 -
1824 3822 2106 3893 Utrumque
2135 3832 2310 3875 autem
2340 3824 2570 3881 Sirium

434 3910 735 3985 sylvestre
772 3923 993 3963 summm
1032 3909 1096 3963 ad
1131 3909 1260 3964 hanc
1299 3910 1509 3983 speciem
1548 3909 1794 3981 pertinere
1825 3907 2079 3980 probabile
2111 3908 2333 3978 videtur,
2369 3923 2422 3966 et
2452 3915 2566 3987 qui-

430 3998 547 4052 dem
579 3999 651 4053 ita
682 4007 740 4052 ut
768 4002 820 4053 S.
851 4017 889 4054 s.
920 3998 1073 4071 prim
1089 4017 1186 4052 nm
1220 4017 1311 4071 pro
1339 3997 1516 4071 planta
1542 4015 1696 4051 masc.
1727 3995 1794 4048 sit
1819 3993 2129 4049 habendum.

503 4088 768 4162 Specimen
802 4087 973 4144 nerb.
1004 4092 1084 4141 De
1113 4092 1268 4143 Less.
1300 4106 1505 4142 ramus
1533 4096 1610 4141 est
1641 4086 1924 4140 dichotome
1955 4103 2203 4150 ramosuS,
2239 4086 2475 4154 nodosus,
2511 4088 2565 4144 in

433 4177 558 4231 sicco
596 4174 929 4241 atro-fuscus,
974 4175 1176 4248 glaber,
1218 4174 1465 4241 subter-es,
1509 4174 1798 4239 sti-inlatae,
1844 4171 2138 4225 internodiis
2171 4175 2345 4241 2—3,
2385 4194 2497 4231 raro
2531 4183 2568 4234 5

432 4273 565 4318 cent.
596 4263 775 4337 longis.
849 4263 971 4318 Nodi
1006 4261 1194 4317 ttunidi
1227 4260 1515 4334 marginati.
1590 4259 1759 4315 Folia
1793 4260 1986 4312 alterna
2017 4257 2285 4331 petiolata,
2315 4264 2572 4333 petiolis

426 4351 795 4408 semiteretibus
826 4350 1081 4428 puberulis
1113 4350 1188 4406 vel
1221 4348 1490 4423 glabratis,
1526 4349 1690 4404 antice
1719 4345 1934 4403 obsoleto
1960 4345 2337 4418 canaliculatis,
2366 4370 2567 4412 nasoon.
