3153 5134
1589 331 1713 394 140

585 529 756 605 longi,
805 529 1028 604 opposite
1077 526 1317 582 ramulosi
1335 568 1352 597 ,
1402 528 1702 584 internodiis
1746 526 2068 583 inferioribus
2098 531 2133 582 4
2150 564 2183 597 „
2205 528 2460 602 supremis.
2490 532 2558 596 1}
2591 540 2723 592 cent.

582 618 768 693 longis,
803 617 947 672 caule
976 614 1147 670 multo
1175 614 1424 669 tenuiores
1439 653 1456 684 ,
1490 615 1555 669 ad
1587 616 1740 670 nodos
1768 635 1867 670 non
1899 615 2128 689 tumidi,
2160 616 2471 672 subteretes?
2504 619 2562 674 iu
2593 620 2726 677 sicco

580 703 742 772 fusci,
777 722 944 776 sparse
968 701 1233 776 puberuli,
1256 701 1342 756 sed
1364 703 1562 757 circum
1586 703 1741 758 nodos
1763 701 2145 761 barbato-hirti,
2219 702 2393 758 Folia
2427 705 2726 764 inferiora

583 791 838 845 caulina
884 790 1084 863 longius
1127 789 1365 863 petiolata
1381 829 1398 858 ,
1449 790 1796 858 subrotunda,
1852 792 1992 864 apice
2039 791 2333 847 rotundato·
2368 793 2451 848 vel
2481 813 2695 852 concavo
2708 836 2725 866 ,

580 879 704 934 hinc
733 877 834 933 fere
862 877 1453 946 rotundato-obcordata,
1489 879 1592 933 alia
1626 880 1661 933 2
1695 889 1830 935 cent.
1862 880 2017 954 longa
2044 879 2272 954 lataque,
2313 880 2416 934 alia
2444 886 2516 951 2}
2547 883 2725 957 longa,

579 971 614 1020 2
648 967 781 1035 lata,
824 968 1046 1022 tenuiter
1089 967 1335 1021 trinervia
1383 969 1463 1022 vel
1492 967 1659 1022 nervis
1689 966 1982 1022 lateralibus
2013 986 2164 1041 prope
2191 966 2338 1022 basin
2369 969 2577 1024 ramosis
2606 971 2726 1025 sub-

580 1054 982 1127 septemnervia3
1020 1054 1220 1110 medius
1252 1054 1317 1108 ad
1353 1055 1543 1127 apicem
1578 1055 1855 1127 percurrit3
1886 1074 2058 1111 omnes
2089 1074 2242 1128 prope
2272 1055 2523 1129 margines
2546 1077 2723 1113 ramu-

582 1141 708 1210 losi,
744 1142 1065 1197 subtilissimi
1096 1143 1389 1212 reticulati;
1427 1143 1646 1217 petioli
1678 1143 1803 1212 lati,
1838 1148 2018 1208 1-13-
2050 1153 2183 1198 cent.
2213 1143 2371 1216 longi.
2444 1144 2607 1198 Folia
2635 1165 2724 1200 ra-

582 1249 714 1286 mea
755 1230 980 1299 minora,
1030 1231 1236 1286 brevius
1278 1231 1518 1304 petiolata
1532 1270 1548 1299 ,
1582 1240 1729 1286 ovata
1742 1271 1759 1299 ,
1794 1231 2173 1305 ovato-oblonga
2189 1270 2206 1300 ,
2241 1241 2334 1285 aut
2371 1231 2479 1286 basi
2509 1231 2721 1288 subcon-

582 1327 746 1372 tracta
774 1316 1277 1385 subrhombiformia,
1314 1321 1499 1385 2-2}
1525 1328 1659 1374 cent.
1687 1319 1837 1400 longa
1852 1357 1870 1388 ,
1906 1324 2087 1384 1-——13-
2117 1319 2247 1388 lata,
2284 1319 2391 1374 basi
2422 1320 2724 1396 plerumque

578 1407 848 1460 rotundatu
862 1444 879 1473 ,
919 1406 1057 1479 apice
1099 1414 1370 1479 angustato
1404 1407 1724 1461 acutiuscula
1737 1446 1754 1476 ,
1791 1408 2034 1462 triuervia
2049 1448 2065 1477 ,
2102 1417 2194 1462 aut
2229 1409 2395 1464 nervis
2427 1408 2724 1464 lateralibus

578 1496 800 1568 proxime
848 1494 914 1549 ad
956 1495 1101 1549 basin
1142 1494 1499 1567 lii-tripartitis
1541 1496 1887 1572 subquinque-
1930 1497 2012 1552 vel
2047 1497 2507 1571 subseptemuervia
2521 1538 2538 1568 ,
2573 1508 2626 1554 et
2660 1509 2725 1555 ut

575 1583 777 1638 caulina
819 1584 875 1638 in
919 1582 1050 1636 sicco
1098 1582 1478 1637 membranacea
1493 1622 1511 1651 ,
1565 1584 1898 1640 subtilissime
1923 1586 2534 1660 pellucido-punctulata‚
2569 1606 2725 1660 supra

578 1671 761 1726 viridia
789 1689 975 1743 parum
1006 1669 1226 1723 nitentia
1255 1688 1368 1724 raro
1394 1669 1459 1724 ad
1485 1670 1629 1725 basin
1653 1672 1738 1726 sed
1760 1689 1956 1747 semper
1977 1673 2037 1729 ad
2061 1673 2259 1746 apicem
2283 1673 2558 1747 puberula,
2585 1673 2722 1730 infra

574 1758 903 1833 pallidissime
940 1758 1119 1830 glauca
1161 1756 1485 1830 subglabrata
1521 1758 1597 1813 vel
1632 1778 1795 1832 sparse
1828 1760 2105 1833 puberula,
2142 1762 2371 1834 margine
2397 1762 2723 1819 subrevoluto

573 1868 746 1903 versus
788 1849 982 1921 apicem
1021 1847 1328 1902 albo-ciliato
1343 1887 1360 1915 ,
1404 1850 1544 1921 apice
1571 1849 1679 1923 ipso
1708 1849 1827 1923 pilis
1857 1849 2166 1923 longioribus
2195 1851 2507 1907 densioribus
2536 1852 2717 1924 subpe-

573 1936 824 1989 nicillato.
895 1933 1127 1989 Petioli
1152 1939 1294 1988 4—-5
1327 1954 1454 1991 mm.
1483 1935 1623 2010 longi
1647 1935 1927 2004 latiusculi,
1956 1936 2439 2005 submemhranacei‚
2472 1936 2722 2013 profunde

573 2023 897 2077 canaliculati
913 2062 929 2089 ,
969 2022 1202 2095 inprimis
1245 2022 1566 2096 marginibus
1594 2042 1762 2079 versus
1791 2023 1937 2078 basin
1969 2023 2315 2080 hirto-ciliati.
2387 2030 2605 2079 Amenta
2634 2026 2717 2081 de-

573 2121 713 2169 sunt.
751 2115 871 2182 (sec.
902 2130 1033 2185 spec.
1061 2121 1179 2167 ster.
1210 2111 1358 2166 Herb.
1387 2115 1511 2167 Mus.
1548 2113 1727 2183 Paris.)

648 2201 872 2256 Planta
901 2200 1142 2254 florens
1173 2199 1339 2273 primo
1366 2200 1609 2273 adspectu
1633 2219 1663 2253 a
1690 2200 1852 2255 sterili
1869 2196 2027 2273 'longe
2057 2200 2248 2254 diversa
2278 2201 2456 2270 altior,
2482 2221 2720 2276 compage

572 2289 810 2344 crassiore
824 2329 840 2357 ,
871 2287 1006 2343 foliis
1029 2288 1084 2342 in
1115 2287 1245 2342 sicco
1276 2287 1506 2366 coriaceis
1534 2307 1722 2361 parum
1751 2287 2078 2343 translucidis
2106 2288 2349 2362 insignis,
2381 2290 2582 2345 cautius
2604 2309 2717 2344 exa-

573 2378 771 2432 minata
799 2387 972 2432 autem
1011 2376 1217 2431 omnino
1245 2376 1496 2450 congruit.
1570 2375 1766 2429 Radix
1796 2373 2090 2430 fasciculata
2116 2375 2305 2431 fibrosa
2333 2376 2466 2432 foliis
2495 2378 2715 2450 putridis

572 2466 861 2540 muscisque
891 2465 1131 2519 immersa
1145 2505 1161 2532 ,
1200 2464 1435 2518 caulem
1465 2463 1724 2535 protrudit
1753 2473 1979 2518 erectum
2012 2469 2084 2519 30
2118 2473 2249 2520 cent.
2284 2464 2484 2519 circiter
2512 2465 2681 2521 altum
2697 2504 2715 2533 ,

573 2553 679 2609 basi
736 2553 996 2610 calamum
1041 2551 1366 2626 scriptorium
1416 2570 1641 2606 crassum
1654 2589 1671 2620 ‚
1723 2550 2110 2606 teretiuseulum
2129 2592 2147 2619 ,
2191 2550 2360 2625 primo
2406 2551 2717 2625 simplicem,

572 2643 689 2697 inde
716 2643 782 2697 ab
814 2652 847 2719 ξς
877 2643 968 2698 alt.
1000 2662 1030 2696 a
1054 2642 1163 2696 basi
1189 2659 1449 2696 ramosum
1463 2679 1481 2709 ,
1513 2641 1701 2695 ramis
1722 2640 2230 2713 erecto—patentibus,
2263 2639 2498 2694 solitariis
2511 2679 2527 2708 ‚
2564 2659 2715 2713 oppo-

573 2732 709 2800 sitis,
739 2732 1041 2804 plerumque
1072 2728 1387 2784 verticillatis
1415 2727 1559 2782 caule
1583 2727 1819 2782 multum
1846 2727 2162 2782 tenuioribus
2192 2726 2531 2800 simplicibuS.
2568 2729 2713 2781 Cau-

569 2820 658 2873 les
690 2820 970 2893 ramique
1000 2816 1284 2873 succulenti
1315 2816 1544 2871 herbacei
1568 2816 1753 2870 virides
1779 2835 1941 2889 sparse
1962 2814 2228 2889 puberuli,
2264 2816 2328 2870 ad
2349 2815 2503 2869 nodos
2523 2835 2708 2889 parum

566 2906 792 2961 tumidos
820 2906 941 2980 pilis
970 2903 1285 2959 densioribus
1314 2903 1639 2971 subbarhati,
1666 2903 1954 2958 internodia
1976 2909 2120 2958 2-3
2148 2914 2280 2959 cent.
2299 2904 2467 2975 longa.
2541 2905 2713 2958 Folia

565 2995 821 3069 opposita,
857 2992 1062 3048 caulina
1093 3002 1142 3046 et
1173 3011 1462 3059 ramorum,
1498 3010 1703 3045 summa
1733 2990 2013 3064 aliquando
2042 2999 2216 3056 terna,
2250 2990 2457 3062 patula,
2498 2990 2554 3044 in
2582 2990 2713 3045 sicco

567 3084 790 3139 coriacea
806 3122 823 3150 ,
873 3100 1047 3155 opaca,
1099 3079 1206 3133 luci
1233 3078 1436 3133 obversa
1471 3078 1554 3131 vix
1587 3076 1958 3151 transparentia
1986 3085 2039 3129 et
2072 3075 2329 3148 glandulis
2358 3077 2524 3151 opacis
2556 3096 2714 3151 punc-

565 3182 708 3239 tata,
762 3188 912 3242 supra
953 3177 1179 3222 saturate
1215 3166 1398 3220 viridia
1439 3166 1496 3219 in
1535 3184 1688 3219 nervo
1732 3164 1897 3217 medio
1948 3180 2176 3234 appresse
2220 3182 2387 3235 sparse
2430 3165 2710 3238 puberula,

565 3258 880 3333 marginibus
924 3256 1203 3311 extenuatis
1251 3254 1457 3308 deflexis
1501 3253 1625 3327 pilis
1668 3251 2129 3325 erecto-appressis,
2165 3271 2334 3308 versus
2372 3254 2564 3327 apicem
2595 3272 2713 3307 con-

567 3348 854 3404 fertioribus
899 3346 1052 3421 inque
1095 3345 1234 3418 apice
1279 3341 1590 3415 longioribus
1627 3338 1895 3394 subciliata
1911 3378 1927 3406 ,
1963 3338 2081 3413 pilis
2125 3350 2289 3394 aetate
2336 3341 2520 3395 sensim
2559 3341 2710 3395 dimi·

570 3436 740 3503 nutiS,
782 3434 960 3489 subtus
988 3431 1178 3505 pallida
1208 3428 1461 3503 glandulis
1495 3427 1643 3482 fuscis
1676 3427 1741 3480 acl
1768 3426 1959 3479 lentem
1987 3436 2267 3499 punctata,
2303 3428 2552 3501 petiolis
2582 3440 2710 3485 tere-

567 3524 805 3580 tiusculis
867 3521 1114 3596 profunde
1161 3517 1509 3573 canaliculatis
1555 3516 1722 3570 antice
1771 3514 2299 3589 pubescenti-cibatis,
2354 3522 2388 3570 2
2435 3524 2710 3587 mm.——1{-

568 3624 699 3669 cent.
742 3613 904 3686 longis
944 3613 1030 3681 (in
1078 3607 1170 3663 inf.
1217 3605 1356 3661 foliis
1398 3604 1507 3661 scil.
1551 3603 1884 3677 longioribus)
1936 3613 2160 3657 sustenta
2180 3642 2197 3671 ,
2243 3602 2476 3659 inferiora
2507 3607 2712 3662 caulina

567 3700 868 3768 rotundata,
901 3698 1111 3754 obovata
1141 3697 1222 3751 vel
1254 3705 1308 3749 et
1336 3693 1763 3759 lato-rotundata,
1801 3696 1945 3745 1—3
1975 3701 2110 3746 cent.
2144 3691 2317 3765 longa,
2351 3713 2519 3749 ramea
2546 3696 2707 3768 plera-

568 3808 667 3864 que
692 3799 837 3842 ovata
867 3787 942 3841 vel
976 3783 1479 3841 subrhombeo-ovata
1496 3820 1512 3847 ,
1549 3779 1656 3834 basi
1685 3779 1957 3834 rotundata
1987 3780 2066 3833 vel
2095 3781 2410 3838 acutiuscule
2436 3791 2712 3858 protracta,

567 3877 707 3951 apice
731 3874 1073 3941 acutiuscula,
1100 3876 1244 3927 1—-3
1271 3880 1402 3923 cent.
1426 3869 1600 3941 longa,
1632 3872 1666 3921 8
1692 3872 1922 3921 mm.—2
1949 3878 2081 3923 cent.
2109 3868 2239 3936 lata,
2271 3873 2439 3924 omnia
2463 3869 2712 3943 quinque-

565 3965 645 4020 vel
697 3961 1153 4037 subseptemncrvia
1169 3998 1185 4027 ,
1229 3977 1377 4011 nervo
1421 3956 1528 4012 scil.
1563 3954 1729 4010 medio
1761 3954 2088 4009 crassiusculo
2117 3967 2439 4029 percurrente
2473 3954 2537 4008 ad
2565 3953 2706 4008 basin

564 4053 806 4127 utrinque
852 4055 998 4105 2—:3
1045 4068 1220 4103 nervos
1269 4044 1538 4101 emittente
1555 4084 1572 4112 ,
1624 4053 1830 4110 tenues,
1883 4062 2104 4117 quarum
2149 4044 2344 4097 medius
2388 4042 2524 4095 nudo
2556 4043 2705 4097 oculo

565 4145 855 4216 perspicue,
898 4138 1083 4212 reliqui
1122 4135 1392 4192 obsoletius
1439 4133 1673 4188 visibiles
1747 4138 2006 4186 Amenta
2035 4132 2091 4184 in
2123 4130 2265 4183 caule
2296 4128 2546 4201 ramisque
2582 4130 2713 4184 axil-

562 4231 724 4287 laria,
760 4226 1054 4301 (aliquando
1099 4224 1293 4296 integro
1320 4220 1523 4276 ramulo
1552 4239 1580 4273 e
1610 4218 1879 4273 bracteis
1907 4216 2134 4288 oblongis
2165 4216 2379 4269 minutis
2406 4216 2669 4289 puberulis
2691 4257 2707 4284 ,
2806 4286 2812 4293 ι

566 4316 670 4369 loco
692 4316 926 4370 soliorum
946 4351 961 4381 ‚
999 4313 1097 4368 cito
1128 4310 1353 4366 deciduis
1379 4309 1705 4378 amentifem,
1741 4305 2254 4361 inl'lorescentiam
2290 4304 2702 4378 corymbosam
