3153 5134
1587 346 1716 410 380

653 544 852 599 Sestio
886 548 929 598 1.
1007 544 1233 598 Ninum.
1294 541 1468 597 Petioli
1501 541 1804 615 plerumque
1836 539 1976 598 alati.
2046 541 2518 618 Foliaaequilatoea'
2545 545 2716 621 ampla

579 633 959 688 membranacea
972 670 989 700 ,
1039 630 1249 686 hirtella
1292 630 1371 684 vel
1412 628 1590 704 glabra
1604 667 1622 696 ,
1671 624 2031 698 mult-inm,
2081 629 2375 688 rotundato-
2418 632 2501 689 vel
2552 644 2718 690 ovato-

577 720 797 778 eordata.
870 726 1089 776 Amenta
1122 717 1398 793 aliquando
1430 727 1660 773 curvata.

662 921 716 981 1.
795 923 1172 982 Artanthe
1221 919 1580 982 caudata.
1667 918 1857 998 Piper
1894 917 2210 979 caudatam
2251 918 2430 980 Bam
2473 921 2711 983 [assita.

576 1027 704 1102 nis,
743 1024 1020 1084 Nhamdu
1053 1022 1272 1082 Brasil.
1307 1021 1677 1101 Mars-gravii
1698 1043 1765 1101 p.
1797 1020 1895 1082 75.
1967 1022 2157 1102 Piper
2185 1023 2501 1085 caudatam
2538 1025 2601 1085 V
2595 1025 2709 1086 ahl.

573 1127 782 1208 Eclog.
818 1127 878 1188 I.
904 1147 969 1206 p.
1005 1125 1065 1187 3.
1146 1125 1225 1184 H.
1259 1123 1335 1183 B.
1371 1122 1486 1182 K!
1526 1123 1680 1184 Noe.
1725 1125 1930 1184 Gener.
1967 1125 2023 1184 1.
2045 1146 2111 1205 p.
2149 1125 2249 1186 58.
2331 1127 2430 1187 Pl.
2469 1130 2707 1208 aequin.

581 1231 744 1298 Tom.
797 1228 895 1289 II.
937 1249 998 1309 p.
1045 1225 1143 1288 48.
1222 1226 1300 1287 P.
1352 1224 1598 1285 Nhandi
1647 1226 1943 1286 Richard!
1996 1228 2134 1290 Act.
2187 1227 2319 1288 Soc.
2360 1231 2518 1291 Hist.
2563 1230 2708 1293 Nat.

573 1334 774 1393 Paris.
804 1352 869 1411 p.
907 1330 1042 1393 105.
1122 1330 1196 1390 P.
1235 1330 1718 1411 catalpaqtolium
1764 1330 2050 1410 Weigelt!
2090 1330 2186 1390 ΡΙ.
2224 1352 2346 1393 ems.
2384 1332 2604 1392 Suria..
2625 1332 2703 1394 P.

567 1453 890 1518 regressum
937 1432 1112 1496 Alex.
1157 1431 1444 1492 Auden!
1494 1434 1564 1491 in
1606 1433 1724 1493 Hb.
1769 1432 1862 1492 De
1897 1433 2055 1493 Less.
2096 1433 2415 1494 Schilleria
2451 1437 2705 1497 caudata

572 1538 820 1599 Kanth!
855 1538 925 1596 in
975 1536 1244 1595 Linnaea
1282 1536 1319 1594 l.
1369 1557 1419 1595 c.
1455 1556 1521 1615 p.
1572 1534 1710 1596 716.
1792 1535 2061 1596 Ramulis
2076 1581 2093 1613 ‚
2144 1538 2384 1616 petiolis
2424 1538 2706 1620 foliisque

567 1644 836 1728 (practer
883 1637 1206 1718 margines)
1251 1639 1539 1717 utrinque
1589 1637 1967 1717 glaberrimis
1982 1686 2002 1718 ‚
2055 1639 2150 1700 his
2187 1641 2366 1721 longe
2408 1643 2706 1722 petiolatis

567 1742 1040 1805 membranaceis
1064 1741 1726 1821 pellucido-punctatis,
1757 1749 1957 1803 ovato·
1985 1743 2083 1803 vel
2106 1744 2705 1808 subrotundo-oorda·

572 1848 677 1927 tis,
717 1845 1231 1926 subinaequaliter
1260 1844 1645 1920 acuminatis,
1679 1865 1921 1905 novem·
1954 1846 2052 1907 vel
2083 1848 2704 1928 subnovenomerviis,

569 1952 845 2030 margine
888 1949 1071 2010 dense
1114 1967 1386 2027 appresso
1423 1946 1642 2008 ciliatis
1679 1947 1778 2007 vel
1818 1948 1974 2008 ciliis
2011 1949 2261 2010 demum
2298 1952 2552 2033 delapsis
2582 1972 2702 2014 sca·

568 2052 918 2130 briusculis,
968 2051 1122 2112 lobis
1164 2044 1367 2111 baseos
1413 2050 1878 2130 subaequalibus
1924 2052 2258 2114 rotundatis
2303 2055 2552 2133 patulis,
2597 2075 2702 2135 pe·

571 2158 733 2217 tiolis
766 2157 1054 2237 utrinque
1087 2154 1767 2230 membranaceo-alatis,
1807 2157 2059 2216 amentis
2092 2156 2357 2217 breviter
2388 2159 2698 2237 peduncu-

570 2259 730 2344 latis‚
743 2257 1123 2339 juvenilibus
1145 2257 1361 2317 leviter
1387 2258 1649 2317 curvatis
1664 2257 1878 2318 solium
1895 2258 2419 2338 subaequantibus‚
2447 2260 2703 2326 bracteis

570 2363 808 2446 peltatis
852 2362 1332 2439 villoso-ciliatis,
1375 2362 1576 2423 baccis
1617 2361 2208 2427 obovato·turhinatis
2243 2363 2569 2442 angulosis,
2615 2383 2700 2425 se·

572 2469 739 2534 mine
779 2465 1075 2528 conformi
1112 2466 1500 2527 laeviusculo.
1729 2446 1734 2451 ἡ

637 2593 814 2649 Herb.
849 2591 1034 2650 Wind.
1070 2611 1125 2648 n.
1159 2595 1291 2648 697!

652 2710 948 2770 Habitat
991 2710 1056 2770 in
1102 2710 1419 2770 Surinamo
1463 2708 1720 2791 (Weig.l
1767 2707 2051 2785 Focke!),
2101 2709 2169 2768 in
2209 2709 2440 2771 Gaiana
2482 2709 2699 2790 gallica

569 2811 764 2895 (Rich.
799 2814 839 2872 l.
877 2832 929 2874 c.
968 2810 1237 2876 Poiteau!
1295 2812 1591 2873 Leblond!
1635 2813 1703 2871 in
1739 2811 1912 2872 Herb.
1944 2811 2030 2872 De
2065 2810 2271 2892 Lesa),
2312 2812 2390 2873 ad
2424 2813 2583 2893 ripas
2616 2815 2700 2881 La

566 2917 808 2997 Guayra
851 2916 937 2998 (E.
971 2915 1132 2976 Otto!
1177 2916 1242 2974 in
1279 2915 1454 2976 Herb.
1488 2935 1618 2994 reg.
1662 2915 1847 2994 ben),
1893 2916 1959 2974 in
2006 2914 2342 2977 Portoricco
2389 2916 2695 2999 (Wydlerl

569 3041 631 3082 n.
666 3018 786 3080 399
821 3020 884 3079 in
920 3019 1023 3078 nh.
1058 3019 1144 3079 De
1176 3018 1382 3099 Lesa),
1415 3019 1481 3078 in
1515 3019 1625 3079 ins.
1658 3018 1965 3079 Trinitatis
1998 3018 2091 3101 (A.
2127 3020 2466 3081 Anderson!
2504 3019 2696 3101 ibici),

563 3123 633 3181 in
684 3121 927 3181 Brasilia
977 3120 1112 3203 (nh.
1164 3120 1398 3182 Burm.!
1435 3140 1602 3181 nunc
1643 3120 1727 3181 De
1772 3119 1969 3201 Less.),
2016 3122 2080 3181 in
2128 3120 2298 3182 Prov.
2342 3122 2698 3184 Caracasana

563 3225 806 3311 (llumb.
841 3234 902 3284 et
933 3224 1168 3303 Bonpl.!
1202 3224 1246 3285 l.
1280 3243 1330 3284 c.
1368 3233 1429 3285 et
1455 3225 1520 3283 in
1552 3224 1660 3285 Hb.
1693 3223 1906 3284 Willd.
1932 3233 1994 3285 et
2022 3223 2109 3285 De
2132 3222 2314 3304 Less).
2349 3260 2427 3273 —
2454 3225 2692 3293 Terram

565 3346 875 3397 arenosam
910 3334 971 3386 et
1004 3326 1306 3406 sylvarum
1342 3326 1614 3386 umbram
1649 3332 1978 3406 praeoptat.

634 3478 822 3529 Frutex
852 3477 1064 3527 10-15
1091 3472 1238 3545 pedes
1264 3472 1424 3541 altus,
1456 3492 1695 3529 ramosuS.
1761 3474 1933 3529 Rami
1963 3483 2167 3542 teretes,
2205 3474 2438 3529 ramuli
2468 3474 2698 3531 teretius-

560 3560 666 3617 culi
695 3560 888 3628 striati,
922 3559 1113 3632 glabri,
1146 3559 1389 3626 fistulosi‚
1422 3559 1523 3614 vivi
1554 3561 1746 3634 saepius
1777 3560 1999 3617 violacei.
2051 3560 2173 3616 Nodi
2206 3581 2308 3616 non
2336 3561 2480 3616 valde
2509 3562 2702 3618 tumidi

558 3650 850 3725 marginati.
921 3649 1209 3705 Internodia
1252 3654 1429 3705 7—14
1473 3659 1605 3704 cent.
1647 3649 1812 3724 longa.
1886 3649 2057 3705 Folia
2095 3650 2501 3719 membranacea,
2537 3650 2702 3725 pellu-

560 3740 966 3813 cido-punctam,
1008 3757 1160 3811 supra
1196 3737 1506 3804 atroviridia‚
1552 3736 1802 3805 nitidula,
1846 3737 2045 3811 glabra,
2089 3738 2174 3793 sed
2212 3748 2413 3794 attactu
2449 3759 2554 3794 non
2589 3758 2698 3795 om-

562 3828 682 3884 nino
714 3827 894 3895 laevia,
928 3826 1108 3881 subtus
1137 3826 1529 3899 glauceseentia‚
1564 3826 1879 3899 marginibus
1913 3826 2059 3881 dense
2088 3826 2307 3881 breviter
2333 3827 2535 3895 ciliata,
2570 3827 2699 3882 ciliis

559 3917 747 3973 sensim
796 3915 1018 3970 deciduis
1060 3914 1321 3988 asperula,
1372 3914 1628 3989 petiolis
1669 3919 1808 3969 3—5
1856 3923 1989 3969 cent.
2040 3916 2200 3989 (sup.)
2248 3914 2443 3988 longis,
2492 3933 2696 3970 sursum

558 4007 835 4062 attenuatis
851 4044 870 4074 ,
915 4005 1079 4061 antice
1121 4004 1366 4078 profunde
1409 4002 1757 4059 canaliculatis
1772 4041 1790 4070 ‚
1838 4006 2081 4077 utrinque
2128 4002 2700 4073 membranaceo-alatis,

559 4096 654 4151 alis
691 4095 920 4170 (stipulis
951 4093 1174 4164 adnatis)
1215 4111 1383 4148 versus
1421 4093 1615 4167 apicem
1652 4090 2089 4159 evanescentibus,
2132 4090 2449 4164 glaber-rimis
2464 4130 2483 4161 ,
2525 4102 2695 4149 ovato·

562 4185 642 4241 vel
690 4184 1031 4258 (inferiorum)
1081 4181 1647 4249 subrotundo-eordata‚
1696 4180 1986 4235 acuminata
2002 4218 2021 4249 ,
2072 4184 2290 4235 10—20
2334 4190 2466 4236 cent.
2512 4180 2659 4255 longa
2674 4218 2693 4249 ‚

561 4276 738 4329 9-14
773 4273 895 4330 lata.
966 4270 1088 4328 Lobi
1122 4271 1288 4327 baseos
1320 4268 1609 4337 rotundati‚
1645 4267 2002 4343 subaequales‚
2036 4267 2301 4336 distantes,
2337 4267 2452 4324 sinu
2486 4266 2691 4342 profun-

566 4359 700 4417 diore
736 4361 816 4418 vel
851 4361 909 4416 in
947 4359 1279 4435 superioribus
1315 4357 1479 4434 magis
1512 4356 1748 4416 obsoleto.
1822 4357 1969 4414 Nervi
2004 4376 2210 4428 novem,
2248 4357 2482 4434 inprimis
2499 4357 2690 4416 subtus
