3153 5134
1570 386 1702 451 226

579 594 813 655 acumine
839 601 1159 660 mnarmato,
1187 585 1610 664 septuplinervia,
1639 603 1694 641 n.
1722 589 1759 638 3
1788 576 1969 641 mediis
1996 577 2168 654 paullo
2193 597 2347 652 supra
2376 578 2522 635 basin
2549 581 2728 638 solutis

578 684 645 741 ad
672 683 866 759 apicem
895 680 1089 748 ductis,
1124 681 1338 734 10-—11
1370 685 1506 731 cent.
1535 671 1717 747 longa,
1749 673 1931 738 53—ss
1960 668 2095 736 lata,
2128 667 2384 742 superiora
2411 671 2728 742 angustiora,

572 758 821 844 oblongo-
858 766 939 825 vel
975 767 1451 832 lanceolam-ovata,
1493 759 1784 838 quintupli·
1823 757 1903 811 vel
1939 755 2353 830 septuplincrvia,
2390 762 2423 811 3
2463 757 2643 813 mediis
2673 777 2733 813 eo

583 848 836 916 remotius
859 850 893 912 >a
923 857 1030 917 basi
1059 855 1269 922 solutis,
1303 873 1405 928 quo
1433 848 1695 923 angustior
1724 846 1919 901 lamina
1954 845 2047 912 sit,
2085 842 2169 898 sed
2200 863 2470 918 nunquam
2499 845 2624 900 adeo
2652 865 2731 901 re·

585 959 726 1006 mote
750 946 894 1004 acin
924 965 998 1020 sp.
1019 946 1223 1021 javano.
1286 950 1544 998 Amenta
1575 947 1754 995 masc.
1781 936 2038 992 nascentia
2066 941 2101 990 3
2130 943 2263 990 cent.
2292 933 2473 1008 longa,
2508 932 2732 1009 pedun-

583 1037 791 1105 culo1
831 1046 964 1092 cent.

661 1125 981 1203 Specimen
1014 1123 1309 1198 javannm
1351 1117 1528 1173 Herb.
1567 1119 1647 1170 De
1682 1119 1859 1182 Lesa,
1900 1111 2248 1168 verisimiliter
2278 1130 2340 1165 ex
2378 1109 2555 1166 Herb.
2592 1114 2733 1164 Bur·

591 1214 807 1273 manni
837 1211 918 1269 vel
952 1208 1333 1284 Houttuynii
1363 1213 1668 1282 proventum
1693 1201 1803 1274 (cui
1824 1201 2129 1274 inscriptum
2154 1207 2254 1255 est:
2290 1198 2469 1271 Piper
2488 1197 2736 1255 Siriboa

589 1303 768 1362 Linn.
802 1299 1047 1371 Siriboa
1075 1319 1177 1354 seu
1209 1296 1358 1354 sirii
1392 1295 1633 1350 fructus
1668 1289 1929 1363 Rumph.
1963 1287 2133 1360 Amb.
2160 1290 2320 1341 Tom.
2354 1289 2398 1340 V
2429 1285 2569 1340 Tab.
2605 1289 2734 1341 117.

595 1392 802 1466 Hujus
830 1389 1077 1455 fructus
1106 1381 1490 1440 masticando
1519 1399 1658 1436 cum
1689 1386 1879 1434 Areca
1906 1375 2172 1430 inservit
2196 1393 2302 1429 nec
2324 1383 2530 1429 tamen
2562 1373 2740 1447 Piper

597 1481 855 1555 longum
901 1479 1018 1548 est)
1070 1474 1349 1530 Blumeano
1372 1468 1639 1545 specimini
1661 1466 1868 1522 omnino
1895 1464 2089 1532 simile,
2116 1462 2203 1519 sed
2225 1461 2390 1536 magis
2408 1459 2739 1535 completum.

599 1567 773 1632 Folia
803 1565 1072 1641 utriusque
1100 1580 1247 1618 sexus
1273 1559 1409 1615 haud
1443 1559 1651 1633 diversa.
1723 1552 1992 1609 Inferius
2022 1563 2256 1620 ovatum,
2293 1551 2515 1607 breviter
2544 1551 2737 1606 acumi-

593 1652 810 1722 natum,
844 1652 955 1708 basi
982 1648 1188 1724 oblique
1217 1645 1601 1713 subcordatum,
1639 1639 2170 1719 quintuplinervium,
2204 1643 2314 1704 14}
2343 1647 2477 1694 cent.
2505 1637 2742 1713 longum,

592 1748 671 1816 83¹,-
704 1743 896 1798 latum.
961 1736 1292 1813 Sequentia
1335 1734 1500 1808 magis
1542 1731 1931 1804 oblongo-ovata
1966 1737 2178 1801 anguste
2216 1736 2270 1781 et
2304 1726 2511 1800 oblique
2550 1727 2744 1782 acumi-

592 1841 736 1898 nata,
772 1829 884 1888 basi
911 1826 1186 1884 rotundata
1215 1821 1502 1896 inaequalia
1530 1829 1622 1875 aut
1648 1816 1924 1885 subacuta,
1960 1814 2428 1891 quintuplinervia,
2464 1815 2627 1870 nervis
2657 1833 2738 1869 va-

589 1916 712 1974 lidis
745 1916 926 1975 subtus
957 1912 1387 1989 prominentibus,
1430 1916 1466 1966 3
1504 1907 1690 1962 mediis
1724 1906 1789 1961 ad
1828 1905 2052 1978 apicem,
2094 1901 2389 1957 lateralibus
2423 1921 2450 1956 e
2478 1901 2587 1957 basi
2619 1905 2741 1959 ortis

592 2025 751 2081 supra
778 2004 1009 2061 medium
1037 1998 1470 2076 percurrentibus3
1504 1993 1904 2051 anastomosibus
1932 1990 2226 2046 transversis
2252 1991 2583 2065 prominulis,
2612 2010 2745 2045 mar·
2851 2021 2857 2025 -

597 2093 817 2169 ginibus
841 2089 1109 2158 revolutis,
1149 2091 1362 2143 10-11
1405 2093 1540 2141 cent.
1575 2084 1752 2155 longa,
1788 2084 1972 2144 5—6}
2005 2079 2131 2136 lata.
2202 2084 2465 2133 Amenta
2498 2079 2746 2152 pendula3

601 2199 785 2237 masc.
819 2175 1189 2253 pedunculis
1229 2179 1410 2246 13--2
1449 2181 1583 2228 cent.
1623 2169 1810 2243 longiS,
1854 2173 1888 2223 6
1929 2167 2113 2242 longa,
2149 2166 2258 2222 basi
2295 2171 2367 2235 2}
2402 2184 2531 2222 mm.
2562 2184 2747 2235 crassa,

603 2267 790 2324 sensim
820 2273 1114 2332 attenuata,
1148 2261 1288 2335 apice
1315 2258 1473 2333 duplo
1506 2259 1761 2325 tenuiora,
1797 2255 2068 2310 bracteis
2099 2253 2381 2329 subglabris
2403 2253 2609 2328 peltatis
2636 2255 2747 2309 bne-

603 2355 806 2418 ,vissime
847 2349 1177 2428 pedicellatis.
1246 2346 1527 2402 Stamina
1574 2344 1694 2401 duo.
1765 2347 1923 2398 Fem.
1970 2343 2203 2397 nondum
2248 2350 2481 2410 matura,
2521 2342 2746 2414 pedun-

598 2442 777 2522 ‚culis
817 2447 854 2498 3
900 2450 1033 2498 cent.
1069 2437 1261 2512 longis,
1306 2441 1486 2499 5—-5st
1525 2442 1662 2490 cent.
1699 2432 1874 2507 longa,
1918 2430 2258 2506 cylindracea,
2303 2431 2443 2503 apice
2480 2418 2753 2500 subacuta,

601 2534 644 2610 ‚4
685 2548 815 2588 mm.
861 2547 1039 2585 crassa.
1109 2530 1402 2581 Bracteae
1440 2520 1794 2597 pedicellatae,
1837 2520 2093 2595 peltatae,
2136 2517 2272 2594 pelta
2306 2517 2442 2573 fusca
2478 2527 2756 2575 transverse

609 2618 827 2695 oblonga
862 2636 1014 2692 supra
1049 2614 1255 2691 glabra,
1295 2622 1346 2667 et
1384 2611 1515 2665 inter
1546 2610 1725 2664 baccas
1753 2608 2312 2683 complicato-concava,
2348 2607 2523 2681 stipite
2549 2607 2757 2664 floccose

602 2707 1082 2786 ⁴fusce-tomentoso,
1135 2709 1363 2758 tomento
1408 2699 1585 2754 baccas
1631 2698 1884 2772 cingente.
1954 2700 2180 2751 Baccae
2218 2705 2356 2751 totae
2395 2695 2665 2751 immersae
2704 2706 2759 2751 et

611 2804 842 2852 tomento
876 2796 1096 2862 cinctae,
1131 2788 1660 2863 obovato·angulosae,
1694 2787 1835 2860 apice
1865 2785 2026 2841 libero
2057 2784 2461 2858 stigmatibus
2490 2789 2634 2840 4—-6
2670 2803 2757 2860 cy·

610 2880 1185 2942 lindraoeo—lanceolatis
1208 2896 1347 2933 nunc
1366 2874 1739 2951 nigricantibus
1761 2885 1814 2929 et
1837 2873 2031 2949 glabris
2049 2874 2260 2928 omnino
2282 2873 2476 2928 reflexis
2497 2883 2551 2929 et
2572 2873 2761 2947 stigma

610 2973 954 3030 msulcatum
1003 2966 1347 3043 fingentibus,
1392 2963 1644 3018 stellatim
1692 2971 1974 3018 coronatae.
2016 2991 2089 3005 —
2129 2960 2419 3034 Specimina
2473 2950 2646 3018 Herb.
2683 2964 2761 3017 De

609 3066 771 3141 Lesa.
795 3062 853 3118 in
877 3061 973 3117 ins.
995 3054 1278 3113 Bourbon
1300 3052 1435 3107 lecta
1459 3051 1575 3123 (ale
1596 3050 1703 3106 vrai
1721 3051 1891 3125 poivre
1905 3049 1967 3103 de
1982 3048 2181 3119 Mahev)
2199 3048 2486 3104 masculina
2500 3049 2765 3119 florentia,

616 3149 759 3220 foliis
783 3147 1106 3204 tenuioribus
1134 3153 1188 3199 et
1218 3140 1439 3197 amentis
1469 3140 1633 3215 magis
1661 3137 1998 3194 filiformibus
2024 3135 2234 3190 diversa.

694 3237 985 3313 Specimina
1019 3229 1448 3307 Philippensia
1481 3248 1512 3283 a
1549 3228 1616 3285 cl.
1651 3241 1854 3282 eumne
1889 3222 2019 3295 (nb.
2056 3226 2138 3276 De
2174 3226 2325 3276 Less,
2360 3230 2421 3275 et
2446 3221 2550 3277 nh.
2575 3222 2764 3281 berol.

620 3347 681 3386 n.
707 3329 842 3399 485)
871 3325 1006 3381 lecta
1035 3321 1283 3397 differunt
1313 3308 1483 3374 foliis
1514 3316 1755 3374 omnibus
1784 3308 2192 3388 septuplinerviis
2220 3299 2766 3369 basimtundatainae·

619 3413 785 3491 quali,
798 3411 1104 3472 acuminatis
1131 3418 1186 3465 et
1212 3416 1459 3464 amento
1486 3399 1747 3461 femineo
1772 3401 1920 3459 valde
1941 3397 2114 3469 brevi,
2142 3416 2265 3453 cum
2295 3406 2470 3456 autem
2498 3397 2594 3456 hoc
2620 3400 2770 3465 valde

612 3502 872 3579 juvenile,
901 3500 1098 3558 diversa
1128 3497 1268 3554 haud
1298 3494 1538 3571 equidem
1568 3491 1797 3548 habenda
1825 3498 1949 3545 sunt
1977 3489 2046 3559 ¹).

618 3722 623 3728 -
716 3679 907 3761 Piper
933 3678 1267 3739 marianum
1291 3674 1477 3755 Opiz!
1515 3661 1954 3749 Reliq.Haenk.
1974 3665 2101 3724 III
2116 3686 2181 3746 p.
2204 3663 2414 3725 159in
2443 3666 2574 3727 ins.
2594 3666 2764 3730 Gua-

615 3782 799 3843 ‚ham
849 3788 920 3841 et
967 3777 1317 3840 Marianis
1368 3776 1627 3849 lectum,
1669 3770 1902 3843 sterile,
1939 3767 2022 3848 (v.
2056 3787 2102 3827 s.
2145 3767 2211 3826 in
2250 3768 2356 3829 Hb.
2392 3768 2607 3851 berol.)
2638 3777 2770 3830 tuto

635 3884 921 3946 extricari
953 3883 1201 3962 nequit3
1245 3876 1583 3958 Piperaceis
1616 3869 2029 3951 gerontogaeis
2062 3878 2230 3930 certo
2276 3871 2526 3950 quidem
2579 3891 2769 3932 annu·

619 3988 1031 4062 ‘mel-andum,
1080 3982 1297 4044 stoloni
1341 3977 1711 4039 Chavicae
1760 3972 2091 4034 Siriboae
2133 3972 2302 4033 haud
2344 3975 2652 4053 absimile,
2704 3974 2770 4036 in

636 4071 1445 4170 catalogis'expungendum.
1527 4078 1624 4139 An
1657 4077 1826 4139 locus
1853 4075 2067 4137 natalis
2098 4078 2425 4138 erroneus?

628 4341 635 4348 ·
694 4316 737 4384 ι)
766 4318 879 4366 Cum
905 4317 1062 4382 itaque
1083 4309 1421 4362 verisimillime
1443 4310 1525 4362 Cb.
1548 4309 1731 4361 sii-ibon
1755 4309 1809 4360 in
1832 4307 1909 4358 bis
1931 4306 2099 4364 insulis
2118 4303 2339 4373 indigena
2354 4305 2434 4368 ait,
2457 4306 2597 4357 etiam
2615 4304 2740 4373 Ray

629 4401 793 4470 Buyo
828 4398 1034 4451 Euseb.
1069 4396 1464 4465 Nicrenberg.
1498 4396 1586 4449 lib.
1618 4396 1716 4445 XV.
1749 4395 1798 4443 C.
1834 4396 1920 4443 87.
1952 4390 2046 4440 huc
2077 4387 2343 4458 pertinebit.
2718 4430 2722 4435 .
