3153 5134
1463 353 1504 410 9

413 555 766 645 spectante)
827 565 1185 620 cernuntur
1203 603 1221 632 ,
1287 576 1323 618 a
1369 575 1434 618 se
1467 551 1733 619 invicem
1772 552 1956 618 valde
1988 552 2237 621 remoti.
2329 547 2537 620 Fasciss

411 674 540 742 culi
586 674 713 755 illi,
753 674 892 763 jam
942 671 1013 739 in
1063 667 1348 738 medulla
1396 694 1612 738 annua
1665 670 1869 752 obvii,
1933 693 2070 739 non
2119 693 2390 739 numero
2424 658 2537 738 sed

408 791 862 885 magnitudine
909 792 1317 859 increverunt
1367 805 1439 859 et
1486 791 1723 859 arctius
1770 791 1888 858 sibi
1924 792 2199 882 adpositi
2229 806 2384 859 sunt
2417 814 2538 882 nec

413 927 633 981 tamen
677 912 1030 1003 conjuncti.
1138 912 1465 981 Vetustior
1513 911 1711 979 caulis
1765 935 1910 1002 pars
1942 934 2074 980 non
2105 912 2333 1001 procul
2368 935 2405 978 a
2440 935 2541 978 ra·

416 1032 561 1100 dice
604 1033 878 1100 eandem
911 1031 1232 1100 medullae
1264 1044 1332 1099 et
1365 1028 1502 1121 ejus
1532 1029 1979 1100 fasciculorum
2018 1029 2346 1098 rationem.
2366 1030 2543 1098 exhi-

417 1153 552 1221 bet.
641 1153 937 1222 Fasciculi
985 1167 1203 1220 autem
1254 1136 1451 1243 lignei
1485 1150 1602 1242 ipsi
1639 1150 2138 1232 numerosiores,
2172 1149 2423 1219 circiter
2452 1172 2547 1218 se-

419 1272 629 1340 decim
648 1324 666 1354 ,
719 1274 790 1340 in
839 1273 1155 1341 circulum
1206 1272 1530 1364 dispositi,
1581 1272 1695 1339 sed
1738 1257 2156 1361 amplioribus
2192 1269 2381 1338 radiis
2413 1292 2549 1338 me-

422 1393 776 1460 dullaribus
835 1417 874 1459 a
931 1416 996 1460 se
1043 1393 1318 1475 invicem
1365 1393 1674 1482 separati,
1737 1393 1808 1458 in
1854 1391 2135 1460 sectione
2199 1406 2547 1460 transversa

422 1512 872 1591 cuneiformes,
898 1512 1474 1603 quadrangulare&
1507 1513 1709 1580 latere
1742 1512 2052 1580 exteriore
2085 1512 2350 1600 majore,
2382 1510 2549 1580 inte·

421 1632 589 1701 riore
620 1631 1022 1722 angustiore,
1049 1631 1417 1698 lateralibus
1433 1631 1823 1720 aequalibus.
1872 1633 1950 1696 In
1979 1629 2256 1719 Pipere
2282 1629 2550 1721 spurio

421 1752 691 1820 omnino
750 1751 975 1818 eadem
1035 1763 1360 1818 structura
1422 1749 1707 1830 obtinet,
1774 1749 1887 1816 sed
1938 1762 2213 1817 stratum
2262 1748 2552 1839 ligneum

420 1872 667 1961 maJore
715 1870 1164 1938 fasciculorum
1216 1893 1488 1939 numero
1541 1869 1976 1960 componitur.
2069 1872 2148 1935 In
2181 1868 2556 1936 Chavicae

421 1969 771 2082 specierum
808 1990 998 2058 ramis
1028 1992 1302 2058 eandem
1333 1990 1404 2057 in
1434 1990 1799 2059 universum
1832 2003 2222 2057 structuram
2259 1990 2489 2081 reperi.

515 2110 777 2196 Quaein
813 2109 1161 2200 Pipereis
1191 2104 1755 2204 gerontogaeis
1785 2110 2064 2178 caulium
2083 2124 2404 2179 structura
2436 2113 2554 2180 ob*

430 2230 631 2312 tinet,
687 2231 913 2298 eadem
962 2229 1032 2297 in
1075 2230 1418 2321 generibus
1449 2233 1886 2314 Artanthe‚
1938 2231 2276 2313 Enckea,
2324 2234 2551 2301 Otto-

429 2349 586 2430 nia,
623 2350 1057 2418 Callian‘ira
1092 2364 1159 2418 et
1191 2353 1688 2445 Ceratogyne
1720 2353 1910 2421 Novi
1945 2344 2176 2420 Orbis
2210 2353 2548 2443 reperitur.

425 2469 590 2537 Inde
620 2470 704 2537 ab
740 2470 927 2539 initio
970 2470 1041 2536 in
1078 2473 1338 2540 ramulis
1370 2473 1606 2563 duplex
1655 2486 1929 2564 systema
1959 2472 2271 2540 fibrosum
2302 2472 2549 2539 inveni-

429 2593 573 2672 tur.
633 2592 1105 2683 periphericum
1171 2616 1313 2661 vere
1369 2593 1659 2683 ligneum
1708 2607 1776 2660 et
1824 2594 2109 2661 centrale
2159 2594 2548 2675 medullam,

430 2733 708 2799 quorum
738 2711 901 2779 illud
930 2711 1220 2802 inprimis
1249 2711 1525 2779 crassitie
1565 2712 1882 2796 increscit.
1975 2716 2316 2803 Segmenta
2368 2726 2553 2781 trun-

432 2852 657 2897 corum
730 2846 1124 2901 vetustorum
1186 2831 1632 2899 Artanthes
1699 2831 2089 2921 specierum,
2152 2857 2188 2899 a
2240 2834 2306 2901 b.
2371 2858 2553 2902 cun„

436 2974 627 3017 namn<
671 2973 708 3018 e
756 2951 1049 3019 Brasiliae
1094 2950 1279 3044 sylvis
1326 2948 1394 3017 in
1447 2954 1729 3019 Museum
1777 2951 2151 3020 botanicum
2204 2953 2556 3023 Parisinum

434 3069 626 3137 allata
662 3083 730 3137 et
760 3071 1062 3139 benevole
1091 3093 1345 3138 mecum
1396 3070 1902 3153 communicata,
1950 3069 2110 3163 ligni
2158 3087 2551 3143 structuram

432 3189 677 3280 optime
724 3190 1103 3259 illustrant.>
1159 3195 1373 3260 Unum
1433 3194 1523 3284 (n.
1574 3187 1708 3262 369
1751 3188 1934 3263 Mus.
1982 3197 2246 3286 Paris.)
2294 3202 2336 3265 6
2381 3214 2554 3269 cent.

432 3309 503 3375 in
533 3310 728 3378 diam.
762 3311 1001 3381 cortice
1032 3305 1393 3381 obductum
1427 3313 1625 3395 laevi,
1656 3315 2054 3404 epidermide
2071 3330 2138 3384 et
2155 3316 2553 3389 cicatricibus

432 3430 845 3518 petiolaribus
874 3432 1190 3501 instructo
1237 3433 1807 3503 striato-sulcatum
1823 3486 1841 3517 ,
1890 3437 2553 3531 subaugulosofflylin-

436 3549 710 3620 dricum.
803 3556 1084 3622 Cortex
1135 3569 1233 3623 est
1290 3560 1319 3621 1
1360 3578 1523 3624 mm.
1573 3578 1814 3623 crassus
1856 3579 1892 3623 e
1927 3570 2105 3625 textu
2139 3558 2421 3627 cellula'ri
2456 3585 2555 3629 re-

435 3668 646 3759 gulari
692 3686 1010 3741 constanS.
1105 3675 1452 3743 Medulla
1503 3682 1682 3743 8-9
1722 3699 1880 3744 mm.
1915 3676 1984 3743 in
2018 3676 2214 3746 diam.
2250 3702 2287 3747 e
2318 3681 2559 3768 cellulis

433 3792 1011 3883 parenchymaticis
1069 3809 1323 3865 constat
1369 3796 1506 3863 laxe
1557 3796 2050 3865 cohaerentibus
2107 3811 2175 3866 et
2227 3800 2556 3873 fasciculos

437 3912 780 3980 vasculares
827 3937 1062 3984 crassos
1113 3917 1353 4007 absque
1401 3917 1632 3985 ordine
1681 3916 2017 4007 dispositos
2048 3917 2304 3989 circiter
2339 3926 2425 3989 20
2457 3925 2556 3992 of·-

434 4032 564 4100 fert
585 4085 601 4113 ,
649 4034 718 4101 in
765 4051 987 4105 centro
1031 4038 1396 4126 paucioreS,
1448 4061 1654 4105 versus
1689 4038 2010 4106 medullae
2041 4039 2362 4107 ambitum
2391 4064 2554 4110 con-

436 4153 726 4222 fertiores
775 4171 842 4225 et
888 4157 1286 4225 circulariter
1335 4158 1468 4224 fere
1502 4157 1851 4227 ordinatos.
1944 4159 2215 4227 Cellulae
2249 4161 2555 4233 dissectae

430 4275 812 4368 plerumque
838 4279 1202 4371 hexagonae
1227 4276 1824 4369 parietesobferunt
1854 4279 2248 4348 tenuissimos
2263 4282 2556 4376 xplerum-
