3153 5134
1551 366 1685 437 260

550 585 678 661 legi,
710 598 808 638 csse
828 575 1098 644 arbores,
1126 573 1255 631 dum
1280 570 1382 627 alia
1411 564 1779 627 scandentia
1805 561 2043 637 expressis
2072 559 2234 618 verbis
2264 558 2517 616 dicantur.
2552 551 2703 635 Qffod'

549 676 664 730 ideo
702 668 902 726 silentio
941 684 1044 720 non
1084 659 1505 738 praetereundum
1545 655 1751 731 putavi,
1796 664 1860 708 ut
1900 653 1972 720 ii,
2014 650 2107 725 qui
2145 651 2201 704 in
2236 649 2350 704 loco
2401 650 2562 704 natali
2605 650 2699 706 has

551 761 734 834 stirpes
769 756 1071 829 investigent
1085 790 1102 821 ,
1141 749 1375 815 videant,
1419 759 1549 801 num
1589 744 1716 798 aliae
1748 741 1807 795 in
1841 739 1968 794 vivis
2000 735 2314 792 differentiae
2346 736 2704 804 inveniantur,-

556 860 610 905 et
636 848 748 902 idco
775 843 993 899 fortassis
1021 841 1151 896 duae
1177 839 1356 911 stirpes
1381 854 1411 889 e
1439 833 1579 888 siccis
1608 829 1744 886 haud
1772 825 2090 883 extricandae
2120 823 2217 879 sibi
2243 823 2536 878 simillimae
2562 823 2707 897 Piper

555 936 774 1008 longum
809 932 1063 1005 javanum
1109 925 1394 1002 praebeant.
1467 919 1639 975 Folia
1683 915 1925 989 stirpium
1953 931 2085 988 quac
2111 911 2344 966 arboreae
2372 911 2709 981 vocabantur,

558 1021 736 1099 paullo
772 1018 995 1085 minora,
1030 1017 1114 1071 sed
1146 1013 1369 1089 alioquin
1399 1008 1541 1064 haud
1573 1007 1767 1061 diversa
1795 1012 1957 1057 erant.

633 1113 728 1183 Sp,
768 1128 800 1163 a
847 1106 913 1162 cl.
952 1117 1248 1159 unacum
1287 1098 1466 1153 Martio
1507 1112 1675 1149 mense
1704 1092 1761 1146 in
1794 1090 1889 1144 ins,
1930 1093 2080 1144 Java
2110 1085 2335 1153 lectum,
2369 1083 2519 1139 folia
2552 1079 2711 1139 habet

563 1216 692 1272 sup.
723 1192 1144 1266 ovato-elliptica,
1180 1189 1289 1244 basi
1317 1202 1503 1260 parum
1538 1180 1795 1256 inaequali
1826 1177 2009 1234 leviter
2037 1175 2225 1242 excisa,
2265 1172 2485 1228 breviter
2513 1171 2709 1227 acumi-

560 1295 713 1352 nata,
749 1283 996 1347 coriacea,
1032 1283 1252 1345 9—11}
1281 1283 1416 1329 cent.
1450 1272 1626 1345 longa,
1665 1270 1844 1338 εἰῇ-6
1873 1264 2009 1332 lata3
2045 1281 2074 1316 e
2102 1281 2162 1316 n.
2191 1258 2356 1313 medio
2386 1257 2713 1312 crassiusculo

563 1376 707 1429 8-—9
751 1380 915 1426 costae
957 1366 1170 1441 majores
1214 1365 1300 1434 (4)
1342 1361 1686 1433 minoresque,
1726 1371 1950 1429 quarum
1991 1368 2096 1404 una
2132 1347 2315 1402 fortior
2351 1362 2503 1419 prope
2540 1343 2710 1413 basin,

564 1459 725 1514 altera
768 1454 1065 1510 tenuissima
1114 1467 1174 1505 cx
1209 1449 1315 1502 im'a
1351 1446 1462 1500 basi
1496 1454 1652 1498 ortae.
1721 1447 1985 1495 Amenta
2014 1434 2115 1490 fere
2147 1442 2351 1487 matura
2383 1430 2715 1486 horizontalia

563 1540 930 1620 pedunculis
969 1545 999 1594 1
1044 1546 1178 1593 cent.
1215 1534 1387 1608 paullo
1418 1529 1727 1586 brevioribus
1758 1533 2014 1591 sustenta,
2049 1526 2123 1587 2}
2153 1529 2286 1577 cent.
2316 1519 2499 1592 longa,
2533 1517 2642 1572 basi
2680 1522 2716 1572 '7

567 1651 700 1687 mm.
744 1647 937 1693 crassa,
978 1642 1152 1680 versus
1195 1620 1391 1695 apicem
1438 1616 1611 1692 paullo
1653 1622 1935 1669 attenuata.
2005 1609 2291 1665 Alterum
2335 1625 2418 1681 sp.
2461 1606 2519 1660 in
2560 1604 2717 1679 sylvis

564 1718 795 1775 humidis
826 1733 977 1790 prope
1007 1708 1369 1781 Sourabaya
1398 1707 1596 1760 lectum
1618 1702 1743 1757 folia
1767 1699 1864 1754 fert
1890 1697 2063 1772 paullo
2103 1696 2307 1770 longius
2336 1693 2629 1749 acuminata
2663 1703 2718 1749 et

568 1814 880 1864 amentum
916 1807 990 1871 33
1020 1806 1151 1853 cent.
1185 1797 1421 1869 longum3
1459 1790 1686 1866 alioquin
1717 1807 1820 1843 non
1851 1785 2042 1840 differt.
2076 1815 2148 1825 —-
2182 1781 2331 1855 Quod
2363 1800 2514 1856 prope
2546 1785 2715 1837 Bata-

567 1895 731 1951 viam
765 1890 892 1962 legit
929 1887 984 1943 b.
1019 1899 1169 1939 ΔΗΒ.
1206 1898 1272 1937 1>ss
1311 1895 1528 1935 ussum
1565 1887 1766 1932 statura
1795 1875 2041 1949 vegetiora
2070 1873 2267 1946 insigne
2296 1869 2447 1925 folia
2480 1871 2614 1943 gerit
2643 1873 2716 1924 13

571 1991 704 2038 cent.
743 1978 924 2050 longa,
969 1973 1076 2028 basi
1113 1970 1364 2046 inaequali
1409 1969 1494 2024 vix
1530 1965 1715 2033 excisa3
1759 1960 2145 2037 pedunculos
2176 1964 2248 2025 1}
2280 1968 2437 2026 cent.,
2473 1966 2720 2012 amenta

571 2076 608 2126 4
641 2076 774 2123 cent.
801 2065 983 2137 longa,
1011 2069 1243 2128 matura,
1271 2058 1596 2113 baccarum
1628 2053 1854 2127 apicibus
1882 2050 2053 2106 liberis
2075 2045 2425 2121 semiglobosis.
2446 2077 2520 2085 —
2543 2043 2725 2098 Simile

574 2160 633 2211 in
665 2151 841 2209 Herb.
870 2153 1198 2204 Ventenat.
1224 2155 1410 2212 exstat,
1444 2147 1595 2217 cujus
1626 2141 1776 2195 folia
1802 2138 1976 2213 paullo
2003 2136 2205 2209 longius
2234 2132 2499 2206 petiolata,
2530 2130 2721 2204 petio-

573 2235 655 2296 lis
682 2235 1059 2313 pedunculos
1085 2229 1423 2306 aequantibus
1452 2234 1528 2294 1¹3·
1552 2236 1685 2282 cent.
1713 2224 1893 2298 longis,
1938 2222 2109 2291 Folia
2127 2219 2338 2294 juniora
2368 2215 2529 2289 magis
2557 2234 2721 2272 mem-

573 2328 820 2382 branacea
849 2322 916 2377 ad
943 2320 1137 2375 lentem
1169 2316 1713 2391 pellucido-punctam.

648 2412 704 2467 si
739 2411 862 2465 haec
897 2424 1153 2481 comparas
1185 2423 1306 2459 cum
1341 2401 1607 2457 amentis
1638 2399 1817 2454 siccis
1854 2395 2093 2471 Piperis
2118 2394 2318 2468 longi,
2354 2412 2485 2469 quae
2514 2411 2542 2447 e
2573 2397 2724 2449 Java

578 2500 754 2556 insula
790 2497 848 2551 in
888 2491 1391 2566 Pharmacopolarum
1431 2488 1666 2543 tabernas
1706 2485 2031 2541 advehuntur
2049 2523 2067 2552 ,
2105 2484 2170 2538 de
2207 2483 2475 2538 identitate
2513 2481 2727 2536 nullum

578 2590 800 2646 dubium
845 2596 938 2641 est.
1011 2589 1267 2639 Amenta
1308 2580 1438 2634 sicca
1481 2576 1645 2632 odoris
1689 2575 1883 2629 fortiter
1918 2572 2181 2628 aromatici
2217 2579 2270 2625 et
2306 2571 2495 2644 saporis
2531 2571 2726 2625 urenti·

579 2678 739 2746 acris,
774 2672 1068 2741 aromatici,
1104 2690 1160 2725 eo
1193 2668 1381 2741 Piperis
1413 2666 1550 2739 nigri
1583 2663 1834 2730 fortioris,
1871 2659 2341 2723 cinereo-brunnea,
2375 2656 2729 2731 griseo-cinna-

578 2782 803 2832 momea,
846 2757 1192 2838 pedunculo
1230 2754 1677 2826 tereti-compresso
1707 2750 2011 2823 liguescente
2050 2756 2260 2801 curvato
2301 2750 2371 2810 1}
2415 2753 2548 2802 cent.
2583 2744 2731 2818 longe

580 2852 854 2925 subglabro
891 2856 1145 2912 sustenta,
1196 2861 1382 2909 crassa,
1434 2839 1744 2915 cylindrica,
1794 2854 1970 2893 versus
2014 2834 2209 2908 apicem
2250 2832 2425 2908 paullo
2464 2842 2733 2888 attenuata

582 2938 959 3004 obtusiuscula,
1005 2937 1148 2989 2-4
1190 2941 1321 2986 cent.
1353 2929 1532 3001 longa,
1567 2937 1704 2981 recta
1736 2923 1816 2979 vel
1850 2923 2025 2998 paullo
2056 2932 2290 2989 curvata,
2325 2926 2471 2976 5—8
2502 2939 2632 2975 mm.
2666 2918 2733 2974 ad

584 3027 726 3082 basin
782 3042 976 3089 crassa,
1028 3016 1249 3074 rhaehi
1304 3012 1707 3087 subcylindrica,
1758 3021 1905 3066 extus
1955 3007 2356 3083 prominentibus
2407 3007 2734 3064 baccarum

585 3112 813 3187 apicibus
857 3103 1338 3164 elevato-tessellata.
1411 3105 1635 3155 Baccae
1677 3098 1957 3154 secundum
2002 3096 2160 3150 lineas
2202 3094 2405 3168 spirales
2442 3093 2735 3148 densissime

588 3198 884 3273 dispositae,
919 3194 994 3248 ita
1019 3202 1081 3247 ut
1108 3191 1162 3244 in
1197 3189 1415 3243 sectione
1445 3196 1727 3241 transversa
1756 3185 1860 3238 fere
1892 3188 1962 3238 10
1990 3181 2375 3258 conspiciantur.
2448 3184 2738 3240 Bracteae

586 3293 720 3345 inter
741 3286 919 3339 baccas
939 3279 1277 3355 persistenteS,
1304 3274 1865 3350 pediccllato·peltatae,
1902 3270 2142 3344 pedicello
2174 3287 2454 3341 compresso
2484 3267 2739 3324 membra·

592 3372 928 3437 nacco-alato,
978 3366 1177 3421 leviter.
1204 3383 1327 3419 cum
1371 3362 1608 3437 appositis
1652 3360 1819 3415 baccis
1864 3367 2104 3425 connato,
2153 3356 2240 3411 sed
2283 3365 2459 3410 tamen
2502 3354 2738 3425 solubili,

589 3465 730 3541 pelta
764 3462 897 3515 inter
926 3466 1031 3511 tres
1060 3453 1361 3527 plerumque
1391 3451 1619 3505 bracteas
1650 3465 1843 3502 emersa
1876 3454 1928 3500 et
1960 3444 2041 3499 his
2072 3444 2192 3499 adeo
2225 3444 2469 3518 applicita
2498 3451 2565 3497 ut
2591 3460 2739 3517 aegre

593 3552 931 3612 discernatur,
961 3561 1100 3597 nnnc
1127 3536 1752 3595 coriaceo-membranacea
1776 3531 2152 3596 suborbiculata
2177 3541 2269 3585 aut
2280 3529 2740 3605 triangulari-orbi·

595 3636 799 3702 culata,
843 3629 1122 3687 atro-fusca
1161 3625 1326 3693 laevi,
1375 3624 1608 3697 margine
1652 3621 1919 3695 pallidiore
1959 3619 2265 3674 subscarioso
2307 3628 2361 3673 et
2399 3617 2741 3673 subinvoluto.

594 3730 817 3781 Baccae
860 3717 1129 3774 exsiccatae
1168 3718 1202 3768 2
1247 3732 1377 3767 mm.
1417 3710 1618 3765 circiter
1664 3708 1843 3780 longae
1892 3707 2160 3774 obovatae,
2209 3725 2240 3760 a
2282 3705 2393 3761 basi
2435 3706 2500 3759 ad
2547 3706 2579 3768 ἓ
2625 3702 2743 3758 alti·

598 3810 794 3868 tudinis
821 3814 1007 3860 mutua
1035 3800 1282 3876 pressione
1309 3798 1608 3873 plerumque
1635 3804 1968 3867 pentagonae,
1995 3792 2170 3865 ibique
2186 3793 2322 3847 inter
2342 3810 2393 3848 se
2414 3790 2741 3856 subcoalitae,

599 3906 745 3974 parte
775 3893 968 3967 reliqua
999 3888 1250 3961 superiore
1279 3895 1426 3939 extus
1458 3901 1646 3937 emersa
1679 3891 1732 3935 et
1764 3881 2082 3935 bractearum
2115 3880 2278 3954 peltas
2310 3888 2577 3954 superante
2607 3885 2741 3932 atro·

598 3987 772 4051 fusca,
801 3978 998 4055 glabra,
1029 3969 1598 4047 depresso-semiglobosa
1624 3977 1677 4021 et
1703 3968 2069 4041 stigmatum
2096 3968 2325 4022 cicatrice
2350 3967 2540 4021 elevata
2565 3962 2743 4019 obtuse

597 4071 870 4148 apiculata.
916 4059 1329 4132 Pericarpium
1374 4074 1514 4110 nunc
1555 4054 1752 4109 siccum
1790 4064 1960 4110 tenue.
2030 4058 2243 4109 Semen
2281 4058 2352 4119 1}
2376 4071 2506 4106 mm.
2544 4049 2745 4105 circiter

596 4161 814 4233 longum
850 4145 1370 4220 obovatoeglobosum,
1397 4140 1611 4204 obsolete
1645 4141 1975 4216 angulosum,
2005 4140 2113 4197 basi
2141 4141 2404 4209 obtusum,
2439 4136 2684 4193 umbilico
2712 4156 2745 4192 a

599 4246 797 4320 reliqua
825 4249 954 4297 testa
985 4238 1068 4292 vix
1098 4232 1338 4289 distincto
1369 4229 1610 4298 rotundo,
1647 4248 1746 4286 non
1778 4231 2044 4304 impresso,
2079 4230 2216 4304 apice
2244 4229 2464 4285 breviter
2493 4234 2744 4301 protracto

602 4332 779 4407 paullo
816 4326 1168 4403 apiculatum3
1211 4331 1370 4378 testa
1406 4318 1790 4389 subcrustacea,
1835 4320 1989 4388 dura,
2046 4319 2216 4391 nigra,
2260 4314 2604 4385 subnitidula,
2647 4313 2748 4373 sub
